@ARTICLE{2019ApJS..245...32L,
	author = {{Liu}, Lei and {Pang}, Xiaoying},
	title = "{A Catalog of Newly Identified Star Clusters in Gaia DR2}",
	journal = {\apjs},
	keywords = {catalogs, galaxies: star clusters: general, methods: data analysis, open clusters and associations: general, Astrophysics - Astrophysics of Galaxies},
	year = "2019",
	month = "Dec",
	volume = {245},
	number = {2},
	eid = {32},
	pages = {32},
	doi = {10.3847/1538-4365/ab530a},
	archivePrefix = {arXiv},
	eprint = {1910.12600},
	primaryClass = {astro-ph.GA},
	adsurl = {https://ui.adsabs.harvard.edu/abs/2019ApJS..245...32L},
	adsnote = {Provided by the SAO/NASA Astrophysics Data System}
}

@ARTICLE{2019JKAS...52..145S,
	author = {{Sim}, Gyuheon and {Lee}, Sang Hyun and {Ann}, Hong Bae and
	{Kim}, Seunghyeon},
	title = "{207 New Open Star Clusters within 1 kpc from Gaia Data Release 2}",
	journal = {Journal of Korean Astronomical Society},
	keywords = {open cluster and associations: general, catalogs, methods: data analysis, Astrophysics - Solar and Stellar Astrophysics, Astrophysics - Astrophysics of Galaxies},
	year = "2019",
	month = "Oct",
	volume = {52},
	pages = {145-158},
	doi = {10.5303/JKAS.2019.52.5.145},
	archivePrefix = {arXiv},
	eprint = {1907.06872},
	primaryClass = {astro-ph.SR},
	adsurl = {https://ui.adsabs.harvard.edu/abs/2019JKAS...52..145S},
	adsnote = {Provided by the SAO/NASA Astrophysics Data System}
}

@ARTICLE{1998A&A...340..402B,
	author = {{Baumgardt}, H.},
	title = "{The nature of some doubtful open clusters as revealed by HIPPARCOS}",
	journal = {\aap},
	keywords = {OPEN CLUSTERS AND ASSOCIATIONS: GENERAL, ASTROMETRY},
	year = "1998",
	month = "Dec",
	volume = {340},
	pages = {402-414},
	adsurl = {https://ui.adsabs.harvard.edu/abs/1998A&A...340..402B},
	adsnote = {Provided by the SAO/NASA Astrophysics Data System}
}

@ARTICLE{2000A&A...357..145C,
	author = {{Carraro}, G.},
	title = "{NGC 6994: An open cluster which is not an open cluster}",
	journal = {\aap},
	keywords = {STARS: HERTZSPRUNG-RUSSEL (HR) AND C-M DIAGRAMS, GALAXY: OPEN CLUSTERS AND ASSOCIATIONS: GENERAL, GALAXY: OPEN CLUSTERS AND ASSOCIATIONS: INDIVIDUAL: NGC 6994, Astrophysics},
	year = "2000",
	month = "May",
	volume = {357},
	pages = {145-148},
	archivePrefix = {arXiv},
	eprint = {astro-ph/0003372},
	primaryClass = {astro-ph},
	adsurl = {https://ui.adsabs.harvard.edu/abs/2000A&A...357..145C},
	adsnote = {Provided by the SAO/NASA Astrophysics Data System}
}

@ARTICLE{2016AJ....152....7H,
	author = {{Han}, Eunkyu and {Curtis}, Jason L. and {Wright}, Jason T.},
	title = "{The Putative Old, Nearby Cluster Lod{\'e}n 1 Does Not Exist}",
	journal = {\aj},
	keywords = {open clusters and associations: general, open clusters and associations: individual: Lod{\'e}n 1, Astrophysics - Solar and Stellar Astrophysics, Astrophysics - Astrophysics of Galaxies},
	year = "2016",
	month = "Jul",
	volume = {152},
	number = {1},
	eid = {7},
	pages = {7},
	doi = {10.3847/0004-6256/152/1/7},
	archivePrefix = {arXiv},
	eprint = {1605.05330},
	primaryClass = {astro-ph.SR},
	adsurl = {https://ui.adsabs.harvard.edu/abs/2016AJ....152....7H},
	adsnote = {Provided by the SAO/NASA Astrophysics Data System}
}

@ARTICLE{2019AJ....157..115Y,
	author = {{Yeh}, Fu Chi and {Carraro}, Giovanni and {Montalto}, Marco and
	{Seleznev}, Anton F.},
	title = "{Ruprecht 147: A Paradigm of Dissolving Star Cluster}",
	journal = {\aj},
	keywords = {open clusters and associations: general, open clusters and associations: individual: Ruprecht 147, Astrophysics - Astrophysics of Galaxies},
	year = "2019",
	month = "Mar",
	volume = {157},
	number = {3},
	eid = {115},
	pages = {115},
	doi = {10.3847/1538-3881/aaff6c},
	archivePrefix = {arXiv},
	eprint = {1901.04253},
	primaryClass = {astro-ph.GA},
	adsurl = {https://ui.adsabs.harvard.edu/abs/2019AJ....157..115Y},
	adsnote = {Provided by the SAO/NASA Astrophysics Data System}
}

@ARTICLE{2001A&A...366..827B,
	author = {{Bica}, E. and {Santiago}, B.~X. and {Dutra}, C.~M. and {Dottori}, H. and
	{de Oliveira}, M.~R. and {Pavani}, D.},
	title = "{Dissolving star cluster candidates}",
	journal = {\aap},
	keywords = {GALAXY: OPEN CLUSTERS AND ASSOCIATIONS: GENERAL, Astrophysics},
	year = "2001",
	month = "Feb",
	volume = {366},
	pages = {827-833},
	doi = {10.1051/0004-6361:20000248},
	archivePrefix = {arXiv},
	eprint = {astro-ph/0011280},
	primaryClass = {astro-ph},
	adsurl = {https://ui.adsabs.harvard.edu/abs/2001A&A...366..827B},
	adsnote = {Provided by the SAO/NASA Astrophysics Data System}
}

@ARTICLE{2019AA...627A...4R,
	author = {{R{\"o}ser}, Siegfried and {Schilbach}, Elena},
	title = "{Praesepe (NGC 2632) and its tidal tails}",
	journal = {\aap},
	keywords = {open clusters and associations, individual: Praesepe, Astrophysics - Solar and Stellar Astrophysics, Astrophysics - Astrophysics of Galaxies},
	year = "2019",
	month = "Jul",
	volume = {627},
	eid = {A4},
	pages = {A4},
	doi = {10.1051/0004-6361/201935502},
	archivePrefix = {arXiv},
	eprint = {1903.08610},
	primaryClass = {astro-ph.SR},
	adsurl = {https://ui.adsabs.harvard.edu/abs/2019A&A...627A...4R},
	adsnote = {Provided by the SAO/NASA Astrophysics Data System}
}

@ARTICLE{2019arXiv191206657Z,
       author = {{Zhang}, Yu and {Tang}, Shih-Yun and {Chen}, W.~P. and {Pang}, Xiaoying and
       {Liu}, J.~Z.},
       title = "{Diagnosing the Stellar Population and Tidal Structure of the Blanco 1 Star Cluster}",
       journal = {\apj},
       keywords = {Astrophysics - Astrophysics of Galaxies, Astrophysics - Solar and Stellar Astrophysics},
       year = "2020",
       month = "Feb",
       volume = {889},
       number = {2},
       eid = {99},
       pages = {99},
       doi = {10.3847/1538-4357/ab63d4},
       archivePrefix = {arXiv},
       eprint = {1912.06657},
       primaryClass = {astro-ph.GA},
       adsurl = {https://ui.adsabs.harvard.edu/abs/2020ApJ...889...99Z},
       adsnote = {Provided by the SAO/NASA Astrophysics Data System}
    }

@ARTICLE{2002ARA&A..40..487F,
	author = {{Freeman}, Ken and {Bland-Hawthorn}, Joss},
	title = "{The New Galaxy: Signatures of Its Formation}",
	journal = {\araa},
	keywords = {osmology, local group, stellar populations, stellar kinematics, Astrophysics},
	year = "2002",
	month = "Jan",
	volume = {40},
	pages = {487-537},
	doi = {10.1146/annurev.astro.40.060401.093840},
	archivePrefix = {arXiv},
	eprint = {astro-ph/0208106},
	primaryClass = {astro-ph},
	adsurl = {https://ui.adsabs.harvard.edu/abs/2002ARA&A..40..487F},
	adsnote = {Provided by the SAO/NASA Astrophysics Data System}
}

@ARTICLE{2019ARA&A..57..571J,
	author = {{Jofr{\'e}}, Paula and {Heiter}, Ulrike and {Soubiran}, Caroline},
	title = "{Accuracy and Precision of Industrial Stellar Abundances}",
	journal = {\araa},
	keywords = {Astrophysics - Solar and Stellar Astrophysics, Astrophysics - Astrophysics of Galaxies},
	year = "2019",
	month = "Aug",
	volume = {57},
	pages = {571-616},
	doi = {10.1146/annurev-astro-091918-104509},
	archivePrefix = {arXiv},
	eprint = {1811.08041},
	primaryClass = {astro-ph.SR},
	adsurl = {https://ui.adsabs.harvard.edu/abs/2019ARA&A..57..571J},
	adsnote = {Provided by the SAO/NASA Astrophysics Data System}
}

@ARTICLE{2017ApJ...840...99D,
	author = {{Dotter}, Aaron and {Conroy}, Charlie and {Cargile}, Phillip and
	{Asplund}, Martin},
	title = "{The Influence of Atomic Diffusion on Stellar Ages and Chemical Tagging}",
	journal = {\apj},
	keywords = {stars: abundances, stars: evolution, Astrophysics - Solar and Stellar Astrophysics, Astrophysics - Astrophysics of Galaxies},
	year = "2017",
	month = "May",
	volume = {840},
	number = {2},
	eid = {99},
	pages = {99},
	doi = {10.3847/1538-4357/aa6d10},
	archivePrefix = {arXiv},
	eprint = {1704.03465},
	primaryClass = {astro-ph.SR},
	adsurl = {https://ui.adsabs.harvard.edu/abs/2017ApJ...840...99D},
	adsnote = {Provided by the SAO/NASA Astrophysics Data System}
}

@ARTICLE{2016ApJ...817...49B,
	author = {{Bovy}, Jo},
	title = "{The Chemical Homogeneity of Open Clusters}",
	journal = {\apj},
	keywords = {Galaxy: abundances, Galaxy: disk, Galaxy: evolution, Galaxy: formation, Galaxy: fundamental parameters, Galaxy: structure, Astrophysics - Astrophysics of Galaxies, Astrophysics - Solar and Stellar Astrophysics},
	year = "2016",
	month = "Jan",
	volume = {817},
	number = {1},
	eid = {49},
	pages = {49},
	doi = {10.3847/0004-637X/817/1/49},
	archivePrefix = {arXiv},
	eprint = {1510.06745},
	primaryClass = {astro-ph.GA},
	adsurl = {https://ui.adsabs.harvard.edu/abs/2016ApJ...817...49B},
	adsnote = {Provided by the SAO/NASA Astrophysics Data System}
}

@ARTICLE{1998A&A...337..363P,
	author = {{Portegies Zwart}, Simon F. and {Hut}, Piet and {Makino}, Junichiro and
	{McMillan}, Stephen L.~W.},
	title = "{On the dissolution of evolving star clusters}",
	journal = {\aap},
	keywords = {METHODS: NUMERICAL, CELESTIAL MECHANICS, STELLAR DYNAMICS, STARS: EVOLUTION, GLOBULAR CLUSTERS: GENERAL, OPEN CLUSTERS AND ASSOCIATIONS: GENERAL, Astrophysics},
	year = "1998",
	month = "Sep",
	volume = {337},
	pages = {363-371},
	archivePrefix = {arXiv},
	eprint = {astro-ph/9803084},
	primaryClass = {astro-ph},
	adsurl = {https://ui.adsabs.harvard.edu/abs/1998A&A...337..363P},
	adsnote = {Provided by the SAO/NASA Astrophysics Data System}
}

@ARTICLE{2007A&A...468..139P,
	author = {{Pavani}, D.~B. and {Bica}, E.},
	title = "{Characterization of open cluster remnants}",
	journal = {\aap},
	keywords = {Galaxy: open clusters and associations: general, methods: observational, Astrophysics},
	year = "2007",
	month = "Jun",
	volume = {468},
	number = {1},
	pages = {139-150},
	doi = {10.1051/0004-6361:20066240},
	archivePrefix = {arXiv},
	eprint = {0704.1159},
	primaryClass = {astro-ph},
	adsurl = {https://ui.adsabs.harvard.edu/abs/2007A&A...468..139P},
	adsnote = {Provided by the SAO/NASA Astrophysics Data System}
}

@ARTICLE{2006BASI...34..153C,
	author = {{Carraro}, Giovanni},
	title = "{Open cluster remnants: an observational overview}",
	journal = {Bulletin of the Astronomical Society of India},
	keywords = {Open Clusters, General, Dynamics, Individual: Upgren 1, Messier 73, Collinder 21.},
	year = "2006",
	month = "Mar",
	volume = {34},
	number = {2},
	pages = {153},
	adsurl = {https://ui.adsabs.harvard.edu/abs/2006BASI...34..153C},
	adsnote = {Provided by the SAO/NASA Astrophysics Data System}
}

@ARTICLE{2002A&A...385..471C,
	author = {{Carraro}, G.},
	title = "{Photometry of dissolving star cluster candidates. The cases of NGC 7036 and NGC 7772}",
	journal = {\aap},
	keywords = {OPEN CLUSTERS AND ASSOCIATIONS: INDIVIDUAL: NGC 7036, NGC 7772, OPEN CLUSTERS AND ASSOCIATIONS: GENERAL, Astrophysics},
	year = "2002",
	month = "Apr",
	volume = {385},
	pages = {471-478},
	doi = {10.1051/0004-6361:20020165},
	archivePrefix = {arXiv},
	eprint = {astro-ph/0201251},
	primaryClass = {astro-ph},
	adsurl = {https://ui.adsabs.harvard.edu/abs/2002A&A...385..471C},
	adsnote = {Provided by the SAO/NASA Astrophysics Data System}
}

@ARTICLE{2004A&A...427..485B,
	author = {{Bonatto}, C. and {Bica}, E. and {Pavani}, D.~B.},
	title = "{NGC 2180: A disrupting open cluster?}",
	journal = {\aap},
	keywords = {Galaxy: open clusters and associations: general, stars: luminosity function, mass function, Astrophysics},
	year = "2004",
	month = "Nov",
	volume = {427},
	pages = {485-494},
	doi = {10.1051/0004-6361:20040453},
	archivePrefix = {arXiv},
	eprint = {astro-ph/0404336},
	primaryClass = {astro-ph},
	adsurl = {https://ui.adsabs.harvard.edu/abs/2004A&A...427..485B},
	adsnote = {Provided by the SAO/NASA Astrophysics Data System}
}

@ARTICLE{2019AA...621L...3M,
	author = {{Meingast}, Stefan and {Alves}, Jo{\~a}o},
	title = "{Extended stellar systems in the solar neighborhood. I. The tidal tails of the Hyades}",
	journal = {\aap},
	keywords = {stars: kinematics and dynamics, open clusters and associations: individual: Hyades, Astrophysics - Astrophysics of Galaxies, Astrophysics - Solar and Stellar Astrophysics},
	year = "2019",
	month = "Jan",
	volume = {621},
	eid = {L3},
	pages = {L3},
	doi = {10.1051/0004-6361/201834622},
	archivePrefix = {arXiv},
	eprint = {1811.04931},
	primaryClass = {astro-ph.GA},
	adsurl = {https://ui.adsabs.harvard.edu/abs/2019A&A...621L...3M},
	adsnote = {Provided by the SAO/NASA Astrophysics Data System}
}

@ARTICLE{2013MNRAS.434.2509M,
	author = {{Moyano Loyola}, Guido R.~I. and {Hurley}, Jarrod R.},
	title = "{Stars on the run: escaping from stellar clusters}",
	journal = {\mnras},
	keywords = {binaries: close, stars: evolution, stars: kinematics and dynamics, Galaxy: kinematics and dynamics, open clusters and associations: general, Galaxy: stellar content, Astrophysics - Galaxy Astrophysics},
	year = "2013",
	month = "Sep",
	volume = {434},
	number = {3},
	pages = {2509-2528},
	doi = {10.1093/mnras/stt1190},
	archivePrefix = {arXiv},
	eprint = {1307.1468},
	primaryClass = {astro-ph.GA},
	adsurl = {https://ui.adsabs.harvard.edu/abs/2013MNRAS.434.2509M},
	adsnote = {Provided by the SAO/NASA Astrophysics Data System}
}

@ARTICLE{2015ApJS..216...29B,
	author = {{Bovy}, Jo},
	title = "{galpy: A python Library for Galactic Dynamics}",
	journal = {\apjs},
	keywords = {galaxies: general, galaxies: kinematics and dynamics, Galaxy: fundamental parameters, Astrophysics - Astrophysics of Galaxies, Astrophysics - Instrumentation and Methods for Astrophysics},
	year = "2015",
	month = "Feb",
	volume = {216},
	number = {2},
	eid = {29},
	pages = {29},
	doi = {10.1088/0067-0049/216/2/29},
	archivePrefix = {arXiv},
	eprint = {1412.3451},
	primaryClass = {astro-ph.GA},
	adsurl = {https://ui.adsabs.harvard.edu/abs/2015ApJS..216...29B},
	adsnote = {Provided by the SAO/NASA Astrophysics Data System}
}

@ARTICLE{2019AA...627A.119C,
	author = {{Carrera}, R. and {Pasquato}, M. and {Vallenari}, A. and {et al.}},
	title = "{Extended halo of NGC 2682 (M 67) from Gaia DR2}",
	journal = {\aap},
	keywords = {astrometry, open clusters and associations: individual: NGC 2682, Astrophysics - Solar and Stellar Astrophysics, Astrophysics - Astrophysics of Galaxies},
	year = "2019",
	month = "Jul",
	volume = {627},
	eid = {A119},
	pages = {A119},
	doi = {10.1051/0004-6361/201935599},
	archivePrefix = {arXiv},
	eprint = {1905.02020},
	primaryClass = {astro-ph.SR},
	adsurl = {https://ui.adsabs.harvard.edu/abs/2019A&A...627A.119C},
	adsnote = {Provided by the SAO/NASA Astrophysics Data System}
}

@ARTICLE{2018A&A...619A.176B,
	author = {{Bragaglia}, Angela and {Fu}, Xiaoting and {Mucciarelli}, Alessio and
	{Andreuzzi}, Gloria and {Donati}, Paolo},
	title = "{The chemical composition of the oldest nearby open cluster Ruprecht 147}",
	journal = {\aap},
	keywords = {stars: abundances, stars: evolution, open clusters and associations: general, open clusters and associations: individual: Ruprecht 147, Astrophysics - Solar and Stellar Astrophysics, Astrophysics - Astrophysics of Galaxies},
	year = "2018",
	month = "Nov",
	volume = {619},
	eid = {A176},
	pages = {A176},
	doi = {10.1051/0004-6361/201833888},
	archivePrefix = {arXiv},
	eprint = {1809.06868},
	primaryClass = {astro-ph.SR},
	adsurl = {https://ui.adsabs.harvard.edu/abs/2018A&A...619A.176B},
	adsnote = {Provided by the SAO/NASA Astrophysics Data System}
}

@ARTICLE{2010A&A...523A..71G,
	author = {{Gebran}, M. and {Vick}, M. and {Monier}, R. and {Fossati}, L.},
	title = "{Chemical composition of A and F dwarfs members of the Hyades open cluster}",
	journal = {\aap},
	keywords = {stars: abundances, stars: chemically peculiar, stars: rotation, open clusters and associations: individual: Hyades, diffusion, Astrophysics - Solar and Stellar Astrophysics},
	year = "2010",
	month = "Nov",
	volume = {523},
	eid = {A71},
	pages = {A71},
	doi = {10.1051/0004-6361/200913273},
	archivePrefix = {arXiv},
	eprint = {1006.5284},
	primaryClass = {astro-ph.SR},
	adsurl = {https://ui.adsabs.harvard.edu/abs/2010A&A...523A..71G},
	adsnote = {Provided by the SAO/NASA Astrophysics Data System}
}

@ARTICLE{2013ApJ...775...58B,
	author = {{Boesgaard}, Ann Merchant and {Roper}, Brian W. and {Lum}, Michael G.},
	title = "{The Chemical Composition of Praesepe (M44)}",
	journal = {\apj},
	keywords = {Galaxy: evolution, stars: abundances, stars: evolution, stars: late-type, stars: solar-type, open clusters and associations: general, open clusters and associations: individual: M 44 NGC 2632 Praesepe, Astrophysics - Solar and Stellar Astrophysics},
	year = "2013",
	month = "Sep",
	volume = {775},
	number = {1},
	eid = {58},
	pages = {58},
	doi = {10.1088/0004-637X/775/1/58},
	archivePrefix = {arXiv},
	eprint = {1308.3476},
	primaryClass = {astro-ph.SR},
	adsurl = {https://ui.adsabs.harvard.edu/abs/2013ApJ...775...58B},
	adsnote = {Provided by the SAO/NASA Astrophysics Data System}
}

@ARTICLE{2016MNRAS.457.3934L,
	author = {{Liu}, F. and {Yong}, D. and {Asplund}, M. and {Ram{\'\i}rez}, I. and
	{Mel{\'e}ndez}, J.},
	title = "{The Hyades open cluster is chemically inhomogeneous}",
	journal = {\mnras},
	keywords = {planets and satellites: formation, stars: abundances, stars: atmospheres, open clusters and associations: individual: the Hyades, Astrophysics - Solar and Stellar Astrophysics},
	year = "2016",
	month = "Apr",
	volume = {457},
	number = {4},
	pages = {3934-3948},
	doi = {10.1093/mnras/stw247},
	archivePrefix = {arXiv},
	eprint = {1601.07354},
	primaryClass = {astro-ph.SR},
	adsurl = {https://ui.adsabs.harvard.edu/abs/2016MNRAS.457.3934L},
	adsnote = {Provided by the SAO/NASA Astrophysics Data System}
}

@ARTICLE{2006A&A...455L..17L,
	author = {{Lamers}, H.~J.~G.~L.~M. and {Gieles}, M.},
	title = "{Clusters in the solar neighbourhood: how are they destroyed?}",
	journal = {\aap},
	keywords = {Galaxy: open clusters and associations: general, Galaxy: solar neighbourhood, Galaxy: disk, Galaxy: general, Galaxies: star clusters, Galaxy: kinematics and dynamics, Astrophysics},
	year = "2006",
	month = "Aug",
	volume = {455},
	number = {2},
	pages = {L17-L20},
	doi = {10.1051/0004-6361:20065567},
	archivePrefix = {arXiv},
	eprint = {astro-ph/0606749},
	primaryClass = {astro-ph},
	adsurl = {https://ui.adsabs.harvard.edu/abs/2006A&A...455L..17L},
	adsnote = {Provided by the SAO/NASA Astrophysics Data System}
}

@ARTICLE{2010MNRAS.402..105G,
	author = {{Gaburov}, Evghenii and {Lombardi}, James C., Jr. and
	{Portegies Zwart}, Simon},
	title = "{On the onset of runaway stellar collisions in dense star clusters - II. Hydrodynamics of three-body interactions}",
	journal = {\mnras},
	keywords = {gravitation, hydrodynamics, methods: numerical, binaries: general, Astrophysics - Solar and Stellar Astrophysics, Astrophysics - Instrumentation and Methods for Astrophysics},
	year = "2010",
	month = "Feb",
	volume = {402},
	number = {1},
	pages = {105-126},
	doi = {10.1111/j.1365-2966.2009.15900.x},
	archivePrefix = {arXiv},
	eprint = {0904.0997},
	primaryClass = {astro-ph.SR},
	adsurl = {https://ui.adsabs.harvard.edu/abs/2010MNRAS.402..105G},
	adsnote = {Provided by the SAO/NASA Astrophysics Data System}
}

@ARTICLE{2009MNRAS.396..570G,
	author = {{Gvaramadze}, Vasilii V. and {Gualandris}, Alessia and
	{Portegies Zwart}, Simon},
	title = "{On the origin of high-velocity runaway stars}",
	journal = {\mnras},
	keywords = {stellar dynamics, methods: N-body simulations, binaries: general, stars: individual: HD 271791, stars: neutron, Astrophysics - Solar and Stellar Astrophysics},
	year = "2009",
	month = "Jun",
	volume = {396},
	number = {1},
	pages = {570-578},
	doi = {10.1111/j.1365-2966.2009.14809.x},
	archivePrefix = {arXiv},
	eprint = {0903.0738},
	primaryClass = {astro-ph.SR},
	adsurl = {https://ui.adsabs.harvard.edu/abs/2009MNRAS.396..570G},
	adsnote = {Provided by the SAO/NASA Astrophysics Data System}
}

@ARTICLE{2019ApJ...884....6M,
	author = {{McBride}, Aidan and {Kounkel}, Marina},
	title = "{Runaway Young Stars near the Orion Nebula}",
	journal = {\apj},
	keywords = {Young massive clusters, Pre-main sequence stars, Stellar dynamics, Three-body problem, Proper motions, Astrophysics - Solar and Stellar Astrophysics, Astrophysics - Astrophysics of Galaxies},
	year = "2019",
	month = "Oct",
	volume = {884},
	number = {1},
	eid = {6},
	pages = {6},
	doi = {10.3847/1538-4357/ab3df9},
	archivePrefix = {arXiv},
	eprint = {1908.07550},
	primaryClass = {astro-ph.SR},
	adsurl = {https://ui.adsabs.harvard.edu/abs/2019ApJ...884....6M},
	adsnote = {Provided by the SAO/NASA Astrophysics Data System}
}

@ARTICLE{2017MNRAS.470.3049R,
	author = {{Ryu}, Taeho and {Leigh}, Nathan W.~C. and {Perna}, Rosalba},
	title = "{Formation of runaway stars in a star-cluster potential}",
	journal = {\mnras},
	keywords = {chaos, gravitation, scatterings, binaries: general, stars: kinematics and dynamics, galaxies: star clusters: general, Astrophysics - Astrophysics of Galaxies, Astrophysics - Solar and Stellar Astrophysics},
	year = "2017",
	month = "Sep",
	volume = {470},
	number = {3},
	pages = {3049-3067},
	doi = {10.1093/mnras/stx1408},
	archivePrefix = {arXiv},
	eprint = {1703.08551},
	primaryClass = {astro-ph.GA},
	adsurl = {https://ui.adsabs.harvard.edu/abs/2017MNRAS.470.3049R},
	adsnote = {Provided by the SAO/NASA Astrophysics Data System}
}

@ARTICLE{2007MNRAS.376L..29G,
	author = {{Gualandris}, Alessia and {Portegies Zwart}, Simon},
	title = "{A hypervelocity star from the Large Magellanic Cloud}",
	journal = {\mnras},
	keywords = {black hole physics, stellar dynamics, methods: N-body simulations, binaries: general, stars: individual: HE 0437-5439, Astrophysics},
	year = "2007",
	month = "Mar",
	volume = {376},
	number = {1},
	pages = {L29-L33},
	doi = {10.1111/j.1745-3933.2007.00280.x},
	archivePrefix = {arXiv},
	eprint = {astro-ph/0612673},
	primaryClass = {astro-ph},
	adsurl = {https://ui.adsabs.harvard.edu/abs/2007MNRAS.376L..29G},
	adsnote = {Provided by the SAO/NASA Astrophysics Data System}
}

@ARTICLE{2019A&A...629A..34G,
	author = {{Garcia-Dias}, Rafael and {Allende Prieto}, Carlos and
	{S{\'a}nchez Almeida}, Jorge and {Alonso Palicio}, Pedro},
	title = "{Machine learning in APOGEE. Identification of stellar populations through chemical abundances}",
	journal = {\aap},
	keywords = {open clusters and associations: general, globular clusters: general, Galaxy: abundances, methods: numerical, methods: statistical, methods: data analysis, Astrophysics - Instrumentation and Methods for Astrophysics, Astrophysics - Astrophysics of Galaxies, Astrophysics - Solar and Stellar Astrophysics, Computer Science - Machine Learning},
	year = "2019",
	month = "Sep",
	volume = {629},
	eid = {A34},
	pages = {A34},
	doi = {10.1051/0004-6361/201935223},
	archivePrefix = {arXiv},
	eprint = {1907.12796},
	primaryClass = {astro-ph.IM},
	adsurl = {https://ui.adsabs.harvard.edu/abs/2019A&A...629A..34G},
	adsnote = {Provided by the SAO/NASA Astrophysics Data System}
}

@ARTICLE{2018A&A...619A.125A,
	author = {{Anders}, F. and {Chiappini}, C. and {Santiago}, B.~X. and
	{Matijevi{\v{c}}}, G. and {Queiroz}, A.~B. and {Steinmetz}, M. and
	{Guiglion}, G.},
	title = "{Dissecting stellar chemical abundance space with t-SNE}",
	journal = {\aap},
	keywords = {solar neighborhood, Galaxy: abundances, Galaxy: disk, Galaxy: stellar content, stars: abundances, Astrophysics - Astrophysics of Galaxies, Astrophysics - Solar and Stellar Astrophysics},
	year = "2018",
	month = "Nov",
	volume = {619},
	eid = {A125},
	pages = {A125},
	doi = {10.1051/0004-6361/201833099},
	archivePrefix = {arXiv},
	eprint = {1803.09341},
	primaryClass = {astro-ph.GA},
	adsurl = {https://ui.adsabs.harvard.edu/abs/2018A&A...619A.125A},
	adsnote = {Provided by the SAO/NASA Astrophysics Data System}
}

@ARTICLE{2010ApJ...721..582B,
	author = {{Bland-Hawthorn}, Joss and {Karlsson}, Torgny and {Sharma}, Sanjib and
	{Krumholz}, Mark and {Silk}, Joe},
	title = "{The Chemical Signatures of the First Star Clusters in the Universe}",
	journal = {\apj},
	keywords = {galaxies: dwarf, Galaxy: abundances, Galaxy: evolution, Galaxy: formation, galaxies: star clusters: general, Astrophysics - Cosmology and Nongalactic Astrophysics},
	year = "2010",
	month = "Sep",
	volume = {721},
	number = {1},
	pages = {582-596},
	doi = {10.1088/0004-637X/721/1/582},
	archivePrefix = {arXiv},
	eprint = {1007.5374},
	primaryClass = {astro-ph.CO},
	adsurl = {https://ui.adsabs.harvard.edu/abs/2010ApJ...721..582B},
	adsnote = {Provided by the SAO/NASA Astrophysics Data System}
}

@ARTICLE{2016ApJ...817...49B,
	author = {{Bovy}, Jo},
	title = "{The Chemical Homogeneity of Open Clusters}",
	journal = {\apj},
	keywords = {Galaxy: abundances, Galaxy: disk, Galaxy: evolution, Galaxy: formation, Galaxy: fundamental parameters, Galaxy: structure, Astrophysics - Astrophysics of Galaxies, Astrophysics - Solar and Stellar Astrophysics},
	year = "2016",
	month = "Jan",
	volume = {817},
	number = {1},
	eid = {49},
	pages = {49},
	doi = {10.3847/0004-637X/817/1/49},
	archivePrefix = {arXiv},
	eprint = {1510.06745},
	primaryClass = {astro-ph.GA},
	adsurl = {https://ui.adsabs.harvard.edu/abs/2016ApJ...817...49B},
	adsnote = {Provided by the SAO/NASA Astrophysics Data System}
}

@ARTICLE{2018MNRAS.474.2580S,
	author = {{Spina}, Lorenzo and {Mel{\'e}ndez}, Jorge and {Karakas}, Amanda I. and
	{dos Santos}, Leonardo and {Bedell}, Megan and {Asplund}, Martin and
	{Ram{\'\i}rez}, Ivan and {Yong}, David and {Alves-Brito}, Alan and
	{Bean}, Jacob L. and {Dreizler}, Stefan},
	title = "{The temporal evolution of neutron-capture elements in the Galactic discs}",
	journal = {\mnras},
	keywords = {stars: abundances, Galaxy: abundances, Galaxy: disc, Galaxy: evolution, Astrophysics - Solar and Stellar Astrophysics, Astrophysics - Astrophysics of Galaxies},
	year = 2018,
	month = feb,
	volume = {474},
	number = {2},
	pages = {2580-2593},
	doi = {10.1093/mnras/stx2938},
	archivePrefix = {arXiv},
	eprint = {1711.03643},
	primaryClass = {astro-ph.SR},
	adsurl = {https://ui.adsabs.harvard.edu/abs/2018MNRAS.474.2580S},
	adsnote = {Provided by the SAO/NASA Astrophysics Data System}
}

@ARTICLE{2003A&A...410..527B,
	author = {{Bensby}, T. and {Feltzing}, S. and {Lundstr{\"o}m}, I.},
	title = "{Elemental abundance trends in the Galactic thin and thick disks as traced by nearby F and G dwarf stars}",
	journal = {\aap},
	keywords = {stars: fundamental parameters, stars: abundances, Galaxy: disk, Galaxy: formation, Galaxy: abundances, Galaxy: kinematics and dynamics},
	year = 2003,
	month = nov,
	volume = {410},
	pages = {527-551},
	doi = {10.1051/0004-6361:20031213},
	adsurl = {https://ui.adsabs.harvard.edu/abs/2003A&A...410..527B},
	adsnote = {Provided by the SAO/NASA Astrophysics Data System}
}