@BOOK{2007ASSL..342.....K,
	author = {{Kogure}, T. and {Leung}, K.-C.},
	title = "{The Astrophysics of Emission-Line Stars}",
	keywords = {Physics},
	booktitle = {Astrophysics and Space Science Library},
	year = 2007,
	volume = 342,
	month = jan,
	doi = {10.1007/978-0-387-68995-1},
	adsurl = {https://ui.adsabs.harvard.edu/abs/2007ASSL..342.....K},
	adsnote = {Provided by the SAO/NASA Astrophysics Data System}
}

@ARTICLE{2003A&A...407.1157H,
	author = {{Hanuschik}, R.~W.},
	title = "{A flux-calibrated, high-resolution atlas of optical sky emission from UVES}",
	journal = {\aap},
	keywords = {line: identification, atomic data, atmospheric effects, atlases, techniques: spectroscopic},
	year = 2003,
	month = sep,
	volume = 407,
	pages = {1157-1164},
	doi = {10.1051/0004-6361:20030885},
	adsurl = {https://ui.adsabs.harvard.edu/abs/2003A%26A...407.1157H},
	adsnote = {Provided by the SAO/NASA Astrophysics Data System}
}

@ARTICLE{2015A&A...581A..52T,
	author = {{Traven}, G. and {Zwitter}, T. and {Van Eck}, S. and {et al.}},
	title = "{The Gaia-ESO Survey: Catalogue of H{\ensuremath{\alpha}} emission stars}",
	journal = {\aap},
	keywords = {stars: emission-line, Be, stars: peculiar, open clusters and associations: general, line: profiles, catalogs, stars: activity, Astrophysics - Solar and Stellar Astrophysics, Astrophysics - Astrophysics of Galaxies},
	year = "2015",
	month = "Sep",
	volume = {581},
	eid = {A52},
	pages = {A52},
	doi = {10.1051/0004-6361/201525857},
	archivePrefix = {arXiv},
	eprint = {1507.03790},
	primaryClass = {astro-ph.SR},
	adsurl = {https://ui.adsabs.harvard.edu/abs/2015A&A...581A..52T},
	adsnote = {Provided by the SAO/NASA Astrophysics Data System}
}

@ARTICLE{2016RAA....16..138H,
	author = {{Hou}, Wen and {Luo}, A. -Li and {Hu}, Jing-Yao and {et al.}},
	title = "{A catalog of early-type emission-line stars and H{\ensuremath{\alpha}} line profiles from LAMOST DR2}",
	journal = {Research in Astronomy and Astrophysics},
	keywords = {Astrophysics - Solar and Stellar Astrophysics, Astrophysics - Astrophysics of Galaxies},
	year = "2016",
	month = "Sep",
	volume = {16},
	number = {9},
	eid = {138},
	pages = {138},
	doi = {10.1088/1674-4527/16/9/138},
	archivePrefix = {arXiv},
	eprint = {1604.03704},
	primaryClass = {astro-ph.SR},
	adsurl = {https://ui.adsabs.harvard.edu/abs/2016RAA....16..138H},
	adsnote = {Provided by the SAO/NASA Astrophysics Data System}
}

@INPROCEEDINGS{2016ASPC..505...66N,
	author = {{Nikoghosyan}, E.~H. and {Vardanyan}, A.~V. and {Khachatryan}, K.~G.},
	title = "{The Search and Study of PMS Stars with H{\ensuremath{\alpha}} Emission}",
	keywords = {Astrophysics - Solar and Stellar Astrophysics},
	booktitle = {Astronomical Surveys and Big Data},
	year = "2016",
	editor = {{Mickaelian}, A. and {Lawrence}, A. and {Magakian}, T.},
	series = {Astronomical Society of the Pacific Conference Series},
	volume = {505},
	month = "Jun",
	pages = {66},
	archivePrefix = {arXiv},
	eprint = {1512.02729},
	primaryClass = {astro-ph.SR},
	adsurl = {https://ui.adsabs.harvard.edu/abs/2016ASPC..505...66N},
	adsnote = {Provided by the SAO/NASA Astrophysics Data System}
}

@ARTICLE{1999A&AS..134..255K,
	author = {{Kohoutek}, L. and {Wehmeyer}, R.},
	title = "{Catalogue of H-alpha emission stars in the Northern Milky Way}",
	journal = {\aaps},
	keywords = {CATALOGUES, GALAXY: GENERAL, STARS: EMISSION-LINE},
	year = "1999",
	month = "Jan",
	volume = {134},
	pages = {255-256},
	doi = {10.1051/aas:1999101},
	adsurl = {https://ui.adsabs.harvard.edu/abs/1999A&AS..134..255K},
	adsnote = {Provided by the SAO/NASA Astrophysics Data System}
}

@ARTICLE{1960ApJS....4..337H,
	author = {{Herbig}, George H.},
	title = "{The Spectra of Be- and Ae-Type Stars Associated with Nebulosity}",
	journal = {\apjs},
	year = "1960",
	month = "Mar",
	volume = {4},
	pages = {337},
	doi = {10.1086/190050},
	adsurl = {https://ui.adsabs.harvard.edu/abs/1960ApJS....4..337H},
	adsnote = {Provided by the SAO/NASA Astrophysics Data System}
}

@ARTICLE{2012MNRAS.425..355R,
	author = {{Reid}, Warren A. and {Parker}, Quentin A.},
	title = "{Emission-line stars discovered in the UKST H{\ensuremath{\alpha}} survey of the Large Magellanic Cloud - I. Hot stars}",
	journal = {\mnras},
	keywords = {line: profiles, surveys, stars: emission-line, Be, stars: kinematics and dynamics, stars: rotation, Magellanic Clouds, Astrophysics - Solar and Stellar Astrophysics},
	year = "2012",
	month = "Sep",
	volume = {425},
	number = {1},
	pages = {355-404},
	doi = {10.1111/j.1365-2966.2012.21471.x},
	archivePrefix = {arXiv},
	eprint = {1207.1950},
	primaryClass = {astro-ph.SR},
	adsurl = {https://ui.adsabs.harvard.edu/abs/2012MNRAS.425..355R},
	adsnote = {Provided by the SAO/NASA Astrophysics Data System}
}

@ARTICLE{1996A&AS..120..229R,
	author = {{Reipurth}, B. and {Pedrosa}, A. and {Lago}, M.~T.~V.~T.},
	title = "{H{\ensuremath{\alpha}} emission in pre-main sequence stars. I. an atlas of line profiles.}",
	journal = {\aaps},
	keywords = {LINE: PROFILES, ATLASES, CIRCUMSTELLAR MATTER, STARS: EMISSION-LINE, STARS: PRE-MAIN SEQUENCE},
	year = "1996",
	month = "Dec",
	volume = {120},
	pages = {229-256},
	adsurl = {https://ui.adsabs.harvard.edu/abs/1996A&AS..120..229R},
	adsnote = {Provided by the SAO/NASA Astrophysics Data System}
}

@INPROCEEDINGS{2016ASPC..505...66N,
	author = {{Nikoghosyan}, E.~H. and {Vardanyan}, A.~V. and {Khachatryan}, K.~G.},
	title = "{The Search and Study of PMS Stars with H{\ensuremath{\alpha}} Emission}",
	keywords = {Astrophysics - Solar and Stellar Astrophysics},
	booktitle = {Astronomical Surveys and Big Data},
	year = "2016",
	editor = {{Mickaelian}, A. and {Lawrence}, A. and {Magakian}, T.},
	series = {Astronomical Society of the Pacific Conference Series},
	volume = {505},
	month = "Jun",
	pages = {66},
	archivePrefix = {arXiv},
	eprint = {1512.02729},
	primaryClass = {astro-ph.SR},
	adsurl = {https://ui.adsabs.harvard.edu/abs/2016ASPC..505...66N},
	adsnote = {Provided by the SAO/NASA Astrophysics Data System}
}

@INPROCEEDINGS{2016AAS...22713816W,
	author = {{Wittenmyer}, R.~A. and {Martell}, S.~L. and {Esdaile}, J. and 
	{Sharma}, S. and {Stello}, D.},
	title = "{The HERMES K2 Follow-up Program at the Anglo-Australian Telescope}",
	booktitle = {American Astronomical Society Meeting Abstracts \#227},
	year = 2016,
	series = {American Astronomical Society Meeting Abstracts},
	volume = 227,
	month = jan,
	eid = {138.16},
	pages = {138.16},
	adsurl = {http://adsabs.harvard.edu/abs/2016AAS...22713816W},
	adsnote = {Provided by the SAO/NASA Astrophysics Data System}
}

@ARTICLE{2016MNRAS.456.1424A,
	author = {{Aret}, A. and {Kraus}, M. and {{\v{S}}lechta}, M.},
	title = "{Spectroscopic survey of emission-line stars - I. B[e] stars}",
	journal = {\mnras},
	keywords = {circumstellar matter, stars: emission line, Be, stars: winds, outflows, Astrophysics - Solar and Stellar Astrophysics},
	year = "2016",
	month = "Feb",
	volume = {456},
	number = {2},
	pages = {1424-1437},
	doi = {10.1093/mnras/stv2758},
	archivePrefix = {arXiv},
	eprint = {1511.07270},
	primaryClass = {astro-ph.SR},
	adsurl = {https://ui.adsabs.harvard.edu/abs/2016MNRAS.456.1424A},
	adsnote = {Provided by the SAO/NASA Astrophysics Data System}
}

@ARTICLE{2012AJ....143...61N,
	author = {{Nakano}, M. and {Sugitani}, K. and {Watanabe}, M. and {Fukuda}, N. and
	{Ishihara}, D. and {Ueno}, M.},
	title = "{Wide-field Survey of Emission-line Stars in IC 1396}",
	journal = {\aj},
	keywords = {H II regions, ISM: individual objects: IC 1396, open clusters and associations: individual: Trumpler 37, stars: formation, stars: pre-main sequence, Astrophysics - Solar and Stellar Astrophysics},
	year = "2012",
	month = "Mar",
	volume = {143},
	number = {3},
	eid = {61},
	pages = {61},
	doi = {10.1088/0004-6256/143/3/61},
	archivePrefix = {arXiv},
	eprint = {1201.2761},
	primaryClass = {astro-ph.SR},
	adsurl = {https://ui.adsabs.harvard.edu/abs/2012AJ....143...61N},
	adsnote = {Provided by the SAO/NASA Astrophysics Data System}
}

@ARTICLE{2008MNRAS.388.1879M,
	author = {{Mathew}, Blesson and {Subramaniam}, Annapurni and {Bhatt}, Bhuwan Chand
	ra},
	title = "{Be phenomenon in open clusters: results from a survey of emission-line stars in young open clusters}",
	journal = {\mnras},
	keywords = {stars: emission-line, Be, stars: formation, stars: pre-main-sequence, Astrophysics},
	year = "2008",
	month = "Aug",
	volume = {388},
	number = {4},
	pages = {1879-1888},
	doi = {10.1111/j.1365-2966.2008.13533.x},
	archivePrefix = {arXiv},
	eprint = {0804.1498},
	primaryClass = {astro-ph},
	adsurl = {https://ui.adsabs.harvard.edu/abs/2008MNRAS.388.1879M},
	adsnote = {Provided by the SAO/NASA Astrophysics Data System}
}

@ARTICLE{2016A&A...594A.120B,
	author = {{Bergemann}, Maria and {Serenelli}, Aldo and {Sch{\"o}nrich}, Ralph and {et al.}},
	title = "{The Gaia-ESO Survey: Hydrogen lines in red giants directly trace stellar mass}",
	journal = {\aap},
	keywords = {techniques: spectroscopic, stars: fundamental parameters, stars: late-type, Galaxy: stellar content, Astrophysics - Solar and Stellar Astrophysics},
	year = "2016",
	month = "Oct",
	volume = {594},
	eid = {A120},
	pages = {A120},
	doi = {10.1051/0004-6361/201528010},
	archivePrefix = {arXiv},
	eprint = {1606.05661},
	primaryClass = {astro-ph.SR},
	adsurl = {https://ui.adsabs.harvard.edu/abs/2016A&A...594A.120B},
	adsnote = {Provided by the SAO/NASA Astrophysics Data System}
}

@ARTICLE{2017A&A...604A.135D,
	author = {{Damiani}, F. and {Bonito}, R. and {Prisinzano}, L. and {Zwitter}, T. and
	{Bayo}, A. and {Kalari}, V. and {Jim{\'e}nez-Esteban}, F.~M. and
	{Costado}, M.~T. and {Jofr{\'e}}, P. and {Randich}, S. and
	{Flaccomio}, E. and {Lanzafame}, A.~C. and {Lardo}, C. and
	{Morbidelli}, L. and {Zaggia}, S.},
	title = "{The Gaia-ESO Survey: dynamics of ionized and neutral gas in the Lagoon nebula (M 8)}",
	journal = {\aap},
	keywords = {ISM: individual objects: Lagoon nebula, ISM: general, HII regions, Astrophysics - Astrophysics of Galaxies, Astrophysics - Solar and Stellar Astrophysics},
	year = "2017",
	month = "Aug",
	volume = {604},
	eid = {A135},
	pages = {A135},
	doi = {10.1051/0004-6361/201730986},
	archivePrefix = {arXiv},
	eprint = {1705.08194},
	primaryClass = {astro-ph.GA},
	adsurl = {https://ui.adsabs.harvard.edu/abs/2017A&A...604A.135D},
	adsnote = {Provided by the SAO/NASA Astrophysics Data System}
}

@ARTICLE{1973ApJ...184...93B,
	author = {{Bohuski}, T.~J.},
	title = "{Structure of the H II regions M8 and M20. II. Electron densities.}",
	journal = {\apj},
	year = "1973",
	month = "Aug",
	volume = {184},
	pages = {93},
	doi = {10.1086/152308},
	adsurl = {https://ui.adsabs.harvard.edu/abs/1973ApJ...184...93B},
	adsnote = {Provided by the SAO/NASA Astrophysics Data System}
}

@ARTICLE{2008MNRAS.384.1277W,
	author = {{Witham}, A.~R. and {Knigge}, C. and {Drew}, J.~E. and {Greimel}, R. and
	{Steeghs}, D. and {G{\"a}nsicke}, B.~T. and {Groot}, P.~J. and
	{Mampaso}, A.},
	title = "{The IPHAS catalogue of H{\ensuremath{\alpha}} emission-line sources in the northern Galactic plane}",
	journal = {\mnras},
	keywords = {catalogues, surveys, stars: emission-line, Be, Galaxy: stellar content, Astrophysics},
	year = "2008",
	month = "Mar",
	volume = {384},
	number = {4},
	pages = {1277-1288},
	doi = {10.1111/j.1365-2966.2007.12774.x},
	archivePrefix = {arXiv},
	eprint = {0712.0988},
	primaryClass = {astro-ph},
	adsurl = {https://ui.adsabs.harvard.edu/abs/2008MNRAS.384.1277W},
	adsnote = {Provided by the SAO/NASA Astrophysics Data System}
}

@ARTICLE{2014MNRAS.440.2036D,
	author = {{Drew}, J.~E. and {Gonzalez-Solares}, E. and {Greimel}, R. and {et al.}},
	title = "{The VST Photometric H{\ensuremath{\alpha}} Survey of the Southern Galactic Plane and Bulge (VPHAS+)}",
	journal = {\mnras},
	keywords = {surveys, stars: general, H II regions, planetary nebulae: general, Galaxy: bulge, Galaxy: disc, Astrophysics - Astrophysics of Galaxies},
	year = "2014",
	month = "May",
	volume = {440},
	number = {3},
	pages = {2036-2058},
	doi = {10.1093/mnras/stu394},
	archivePrefix = {arXiv},
	eprint = {1402.7024},
	primaryClass = {astro-ph.GA},
	adsurl = {https://ui.adsabs.harvard.edu/abs/2014MNRAS.440.2036D},
	adsnote = {Provided by the SAO/NASA Astrophysics Data System}
}

@ARTICLE{1993Ap&SS.204..205R,
	author = {{Raju}, K.~P. and {Prasad}, C.~D. and {Desai}, J.~N. and {Mishra}, L.},
	title = "{A kinematic study of orion nebula in the emission line [S II] 6731 {\r{A}}}",
	journal = {\apss},
	keywords = {Emission Spectra, Interstellar Gas, Molecular Clouds, Orion Nebula, Radial Velocity, Astronomical Interferometry, Ionized Gases, Stellar Evolution, Stellar Mass Ejection, Astrophysics},
	year = "1993",
	month = "Jun",
	volume = {204},
	number = {2},
	pages = {205-212},
	doi = {10.1007/BF00658025},
	adsurl = {https://ui.adsabs.harvard.edu/abs/1993Ap&SS.204..205R},
	adsnote = {Provided by the SAO/NASA Astrophysics Data System}
}

@ARTICLE{2005MNRAS.361..813E,
	author = {{Escalante}, Vladimir and {Morisset}, Christophe},
	title = "{The NII spectrum of the Orion nebula}",
	journal = {\mnras},
	keywords = {line: formation, ISM: individual: Orion nebula, Astrophysics},
	year = "2005",
	month = "Aug",
	volume = {361},
	number = {3},
	pages = {813-823},
	doi = {10.1111/j.1365-2966.2005.09217.x},
	archivePrefix = {arXiv},
	eprint = {astro-ph/0506578},
	primaryClass = {astro-ph},
	adsurl = {https://ui.adsabs.harvard.edu/abs/2005MNRAS.361..813E},
	adsnote = {Provided by the SAO/NASA Astrophysics Data System}
}

@ARTICLE{2019ApJ...879...69T,
	author = {{Ting}, Yuan-Sen and {Conroy}, Charlie and {Rix}, Hans-Walter and
	{Cargile}, Phillip},
	title = "{The Payne: Self-consistent ab initio Fitting of Stellar Spectra}",
	journal = {\apj},
	keywords = {methods: data analysis, stars: abundances, techniques: spectroscopic, Astrophysics - Solar and Stellar Astrophysics, Astrophysics - Astrophysics of Galaxies},
	year = "2019",
	month = "Jul",
	volume = {879},
	number = {2},
	eid = {69},
	pages = {69},
	doi = {10.3847/1538-4357/ab2331},
	archivePrefix = {arXiv},
	eprint = {1804.01530},
	primaryClass = {astro-ph.SR},
	adsurl = {https://ui.adsabs.harvard.edu/abs/2019ApJ...879...69T},
	adsnote = {Provided by the SAO/NASA Astrophysics Data System}
}

@ARTICLE{2005A&A...442.1127M,
	author = {{Munari}, U. and {Sordo}, R. and {Castelli}, F. and {Zwitter}, T.},
	title = "{An extensive library of 2500 10 500 {\r{A}} synthetic spectra}",
	journal = {\aap},
	keywords = {astronomical data bases: miscellaneous, stars: atmospheres, stars: fundamental parameters, surveys, Astrophysics},
	year = "2005",
	month = "Nov",
	volume = {442},
	number = {3},
	pages = {1127-1134},
	doi = {10.1051/0004-6361:20042490},
	archivePrefix = {arXiv},
	eprint = {astro-ph/0502047},
	primaryClass = {astro-ph},
	adsurl = {https://ui.adsabs.harvard.edu/abs/2005A&A...442.1127M},
	adsnote = {Provided by the SAO/NASA Astrophysics Data System}
}

@ARTICLE{2003ApJ...582.1109W,
	author = {{White}, Russel J. and {Basri}, Gibor},
	title = "{Very Low Mass Stars and Brown Dwarfs in Taurus-Auriga}",
	journal = {\apj},
	keywords = {Galaxy: Open Clusters and Associations: Individual: Name: Taurus-Auriga, Stars: Low-Mass, Brown Dwarfs, Stars: Pre-Main-Sequence, Astrophysics},
	year = "2003",
	month = "Jan",
	volume = {582},
	number = {2},
	pages = {1109-1122},
	doi = {10.1086/344673},
	archivePrefix = {arXiv},
	eprint = {astro-ph/0209164},
	primaryClass = {astro-ph},
	adsurl = {https://ui.adsabs.harvard.edu/abs/2003ApJ...582.1109W},
	adsnote = {Provided by the SAO/NASA Astrophysics Data System}
}

@ARTICLE{2004A&A...424..603N,
	author = {{Natta}, A. and {Testi}, L. and {Muzerolle}, J. and {Randich}, S. and
	{Comer{\'o}n}, F. and {Persi}, P.},
	title = "{Accretion in brown dwarfs: An infrared view}",
	journal = {\aap},
	keywords = {stars: low-mass, brown dwarfs, stars: formation, stars: activity, line: profiles, accretion, accretion disks, Astrophysics},
	year = "2004",
	month = "Sep",
	volume = {424},
	pages = {603-612},
	doi = {10.1051/0004-6361:20040356},
	archivePrefix = {arXiv},
	eprint = {astro-ph/0406106},
	primaryClass = {astro-ph},
	adsurl = {https://ui.adsabs.harvard.edu/abs/2004A&A...424..603N},
	adsnote = {Provided by the SAO/NASA Astrophysics Data System}
}

@ARTICLE{gaia_primer,
	author = {Gaia Helpdesk (9 December 2019)},
	title = "{Gaia DR2 primer: Everything you wish you had known before you started working with Gaia Data Release 2}",
	year = "2019",
	month = "Dec",
	note = {[view 20. 12. 2019]},
}

@ARTICLE{2018A&A...615A.139A,
	author = {{Amarsi}, A.~M. and {Nordlander}, T. and {Barklem}, P.~S. and
	{Asplund}, M. and {Collet}, R. and {Lind}, K.},
	title = "{Effective temperature determinations of late-type stars based on 3D non-LTE Balmer line formation}",
	journal = {\aap},
	keywords = {radiative transfer, line: formation, line: profiles, stars: atmospheres, stars: late-type, Astrophysics - Solar and Stellar Astrophysics},
	year = "2018",
	month = "Jul",
	volume = {615},
	eid = {A139},
	pages = {A139},
	doi = {10.1051/0004-6361/201732546},
	archivePrefix = {arXiv},
	eprint = {1804.02305},
	primaryClass = {astro-ph.SR},
	adsurl = {https://ui.adsabs.harvard.edu/abs/2018A&A...615A.139A},
	adsnote = {Provided by the SAO/NASA Astrophysics Data System}
}

@INPROCEEDINGS{2007prpl.conf..361A,
	author = {{Allen}, L. and {Megeath}, S.~T. and {Gutermuth}, R. and {Myers}, P.~C. and
	{Wolk}, S. and {Adams}, F.~C. and {Muzerolle}, J. and {Young}, E. and
	{Pipher}, J.~L.},
	title = "{The Structure and Evolution of Young Stellar Clusters}",
	keywords = {Astrophysics},
	booktitle = {Protostars and Planets V},
	year = 2007,
	editor = {{Reipurth}, Bo and {Jewitt}, David and {Keil}, Klaus},
	month = jan,
	pages = {361},
	archivePrefix = {arXiv},
	eprint = {astro-ph/0603096},
	primaryClass = {astro-ph},
	adsurl = {https://ui.adsabs.harvard.edu/abs/2007prpl.conf..361A},
	adsnote = {Provided by the SAO/NASA Astrophysics Data System}
}

@article{bloom1969balmer,
	title={The Balmer decrement in the emission spectra of astronomical objects},
	author={Bloom, Gary Stuart},
	year={1969},
	publisher={The University of Arizona.}
}

@ARTICLE{2015A&A...575A...4F,
	author = {{Frasca}, A. and {Biazzo}, K. and {Lanzafame}, A.~C. and {et al.}},
	title = "{The Gaia-ESO Survey: Chromospheric emission, accretion properties, and rotation in {\ensuremath{\gamma}} Velorum and Chamaeleon I{\ensuremath{\star}}{\ensuremath{\star}}{\ensuremath{\star}}}",
	journal = {\aap},
	keywords = {stars: chromospheres, stars: low-mass, open clusters and associations: individual:{\ensuremath{\gamma}}Velorum, stars: rotation, open clusters and associations: individual: Chamaeleon I, stars: pre-main sequence, Astrophysics - Solar and Stellar Astrophysics},
	year = 2015,
	month = mar,
	volume = {575},
	eid = {A4},
	pages = {A4},
	doi = {10.1051/0004-6361/201424409},
	archivePrefix = {arXiv},
	eprint = {1412.4153},
	primaryClass = {astro-ph.SR},
	adsurl = {https://ui.adsabs.harvard.edu/abs/2015A&A...575A...4F},
	adsnote = {Provided by the SAO/NASA Astrophysics Data System}
}

@ARTICLE{2020arXiv200603062C,
	author = {{{\v{C}}otar}, Klemen and {Zwitter}, Toma{\v{z}} and {Traven}, Gregor and
	{Bland-Hawthorn}, Joss and {Buder}, Sven and {Hayden}, Michael R. and
	{Kos}, Janez and {Lewis}, Geraint F. and {Martell}, Sarah L. and {Nordland
	er}, Thomas and {Stello}, Dennis and {Horner}, Jonathan and
	{Ting}, Yuan-Sen and {{\v{Z}}erjal}, Maru{\v{s}}a},
	title = "{The GALAH survey: Characterization of emission-line stars with spectral modelling using autoencoders}",
	journal = {arXiv e-prints},
	keywords = {Astrophysics - Solar and Stellar Astrophysics, Astrophysics - Astrophysics of Galaxies, Astrophysics - Instrumentation and Methods for Astrophysics, Physics - Data Analysis, Statistics and Probability},
	year = 2020,
	month = jun,
	eid = {arXiv:2006.03062},
	pages = {arXiv:2006.03062},
	archivePrefix = {arXiv},
	eprint = {2006.03062},
	primaryClass = {astro-ph.SR},
	adsurl = {https://ui.adsabs.harvard.edu/abs/2020arXiv200603062C},
	adsnote = {Provided by the SAO/NASA Astrophysics Data System}
}