% Encoding: windows-1250

@BOOK{All,
  title = {The craft of scientific writing},
  publisher = {Springer},
  year = {1996},
  author = {Michael Alley},
  address = {New York},
  edition = {3rd ed.},
  owner = {krmelj},
  timestamp = {2014.02.07}
}

@BOOK{Ba,
  title = {Povabilo v LATEX},
  publisher = {Dru\v{s}tvo matematikov, fizikov in astronomov SRS},
  year = {1989},
  author = {Vladimir Batagelj},
  address = {Ljubljana},
  owner = {krmelj},
  timestamp = {2013.11.08}
}

@BOOK{Go,
  title = {TEX : povabilo v TEX, LATEX, BIBTEX, PICTEX},
  publisher = {Dru\v{s}tvo matematikov, fizikov in astronomov Slovenije},
  year = {1990},
  author = {Vladimir Batagelj and Bojan Golli},
  address = {Ljubljana},
  owner = {krmelj},
  timestamp = {2013.11.08}
}

@Electronic{ams,
  author       = {Michael Downes},
  title        = {Short Math Guide for LATEX},
  year         = {2002},
  url          = {http://sabotin.ung.si/~sstanic/teaching/CIS/LaTeX/LaTeX_short-math-guide.pdf
},
  note         = {[view 30. 5. 2019]},
  organization = {American Mathematical Society},
  owner        = {krmelj},
  timestamp    = {2013.11.08},
}

@Electronic{Gr,
  author    = {Harvey J. Greenberg},
  title     = {A Simplified Introduction to Latex},
  year      = {2010},
  url       = {https://pages.cpsc.ucalgary.ca/~hoyer/files/Greenberg.pdf},
  note      = {[view 30. 5. 2019]},
  owner     = {krmelj},
  timestamp = {2013.11.08},
}

@BOOK{Ra,
  title = {Sedi in pi\v{s}i z LATEX-om!},
  publisher = {Dru\v{s}tvo matematikov, fizikov in astronomov Slovenije},
  year = {1991},
  author = {Marko Razpet},
  address = {Ljubljana},
  owner = {krmelj},
  timestamp = {2013.11.08}
}

@BOOK{St,
  title = {Fizika. Del 1},
  publisher = {DMFA - zalo\v{z}ni\v{s}tvo},
  year = {2007},
  author = {Janez Strnad},
  number = {9},
  series = {Matematika-fizika : zbirka univerzitetnih u\v{c}benikov in monografij},
  address = {Ljubljana},
  owner = {krmelj},
  timestamp = {2013.11.08}
}

@Electronic{Bragg,
  title     = {Braggov uklon},
  year      = {2013},
  url       = {http://sl.wikipedia.org/wiki/Braggov_uklon},
  note      = {[view 15. 3. 2019]},
  owner     = {krmelj},
  timestamp = {2014.02.06},
}

@Article{Multiple,
  author  = {Ku\v{s}\v{c}er, Ivan},
  title   = {Multiple small-angle scattering of light},
  journal = {Prog. Nucl. Energy},
  year    = {1999},
  volume  = {34},
  pages   = {355-359},
  issn    = {0149-1970},
}

@Article{Variation,
  author  = {Van Duijn, E. J. and others},
  title   = {Variation of dipole-dipole interaction with rotational state: experiment and theory},
  journal = {J. Chem. Phys.},
  year    = {1997},
  volume  = {106},
  number  = {23},
  pages   = {9539-9546},
  doi     = {10.1063/1.473854},
  url     = {https://doi.org/10.1063/1.473854},
}

@Article{Diffusion,
  author  = {Ku\v{s}\v{c}er, I. and Beenakker, J. J. M.},
  title   = {Diffusion in zeolites as flow of lattice gas},
  journal = {J. Stat. Phys.},
  year    = {1997},
  volume  = {87},
  number  = {5/6},
  pages   = {1083-1095},
  doi     = {10.1007/BF02181272},
  url     = {https://doi.org/10.1007/BF02181272},
}

@Article{Ku,
  author  = {Ku\v{s}\v{c}er, Ivan},
  title   = {O strokovnem pisanju},
  journal = {Obz. mat. fiz.},
  year    = {1987},
  volume  = {34},
}

@Electronic{APS,
  author = {Anne Waldron and Peggy Judd and Valerie Miller},
  title  = {Physical review style and notation guide},
  year   = {2011},
  url    = {https://cdn.journals.aps.org/files/styleguide-pr.pdf},
  note   = {[view 15. 3. 2019]},
}

@WWW{Bib,
  author = {Martin J. Osborne},
  title  = {Using bibtex: a short guide},
  url    = {http://www.economics.utoronto.ca/osborne/latex/BIBTEX.HTM},
  note   = {[view 15. 3. 2019]},
}

@WWW{Rev,
  title = {REVTeX Home Page},
  year  = {2019},
  url   = {http://publish.aps.org/revtex/},
  note  = {[view 15. 3. 2019]},
}

@WWW{JR,
  title = {JabRef},
  url   = {http://www.jabref.org/},
  note  = {[view 15. 3. 2019]},
}

@WWW{Help,
  title = {About BibTeX},
  url   = {https://help.jabref.org/en/Bibtex},
  note  = {[view 15. 3. 2019]},
}

@Electronic{Oddaja,
  title = {Oddaja elektronskih oblik pisnih zaklju\v{c}nih del \v{s}tudija in preverjanje podobnosti vsebine na Univerzi v Ljubljani: navodila za \v{s}tudente},
  year  = {2016},
  url   = {https://repozitorij.uni-lj.si/IzpisGradiva.php?id=83158},
  note  = {[view 15. 3. 2019]},
}

@WWW{Se,
  author = {Peter Selinger},
  title  = {Creating high-quality PDF/A documents using LaTeX},
  year   = {2016},
  url    = {http://www.mathstat.dal.ca/~selinger/pdfa/},
  note   = {[view 19. 3. 2019]},
}

@Electronic{Moo,
  author = {C. V. Radhakrishnan and others},
  title  = {Generation of PDF/X and PDF/A compliant PDF's with PDFTEX - pdfx.sty},
  year   = {2015},
  url    = {https://tug.org/tug2015/preprints/moore-pdfx.pdf},
  note   = {[view 19. 3. 2019]},
}

@WWW{Zhaw,
  author = {Josef Spillner},
  title  = {Creating PDF/A Documents for Long-Term Archiving},
  year   = {2016},
  url    = {https://blog.zhaw.ch/icclab/creating-pdfa-documents-for-long-term-archiving/},
  note   = {[view 19. 3. 2019]},
}

@WWW{Val,
  title = {3-heights pdf validator online tool},
  year  = {2018},
  url   = {https://www.pdf-online.com/osa/validate.aspx},
  note  = {[view 19. 3. 2019]},
}

@Comment{jabref-meta: databaseType:biblatex;}
