
@ARTICLE{2005MSAIS...8..189K,
   author = {{Kurucz}, R.~L.},
    title = "{New atlases for solar flux, irradiance, central intensity, and limb intensity}",
  journal = {Memorie della Societa Astronomica Italiana Supplementi},
 keywords = {Stars: atmospheres, Stars: abundances, Atmospheric effects, Atomic data, Molecular data, Techniques: spectroscopic},
     year = 2005,
   volume = 8,
    pages = {189},
   adsurl = {http://adsabs.harvard.edu/abs/2005MSAIS...8..189K},
  adsnote = {Provided by the SAO/NASA Astrophysics Data System}
}


@ARTICLE{2017MNRAS.464.1259K,
	author = {{Kos}, J. and {Lin}, J. and {Zwitter}, T. and {{\v Z}erjal}, M. and 
	{Sharma}, S. and {Bland-Hawthorn}, J. and {Asplund}, M. and 
	{Casey}, A.~R. and {De Silva}, G.~M. and {Freeman}, K.~C. and 
	{Martell}, S.~L. and {Simpson}, J.~D. and {Schlesinger}, K.~J. and 
	{Zucker}, D. and {Anguiano}, B. and {Bacigalupo}, C. and {Bedding}, T.~R. and 
	{Betters}, C. and {Da Costa}, G. and {Duong}, L. and {Hyde}, E. and 
	{Ireland}, M. and {Kafle}, P.~R. and {Leon-Saval}, S. and {Lewis}, G.~F. and 
	{Munari}, U. and {Nataf}, D. and {Stello}, D. and {Tinney}, C.~G. and 
	{Traven}, G. and {Watson}, F. and {Wittenmyer}, R.~A.},
	title = "{The GALAH survey: the data reduction pipeline}",
	journal = {\mnras},
	archivePrefix = "arXiv",
	eprint = {1608.04391},
	primaryClass = "astro-ph.IM",
	keywords = {atmospheric effects, instrumentation: spectrographs, methods: observational, techniques: spectroscopic, surveys, stars: atmospheres},
	year = 2017,
	month = jan,
	volume = 464,
	pages = {1259-1281},
	doi = {10.1093/mnras/stw2064},
	adsurl = {http://adsabs.harvard.edu/abs/2017MNRAS.464.1259K},
	adsnote = {Provided by the SAO/NASA Astrophysics Data System}
}


@ARTICLE{2015MNRAS.449.2604D,
	author = {{De Silva}, G.~M. and {Freeman}, K.~C. and {Bland-Hawthorn}, J. and 
	{Martell}, S. and {de Boer}, E.~W. and {Asplund}, M. and {Keller}, S. and 
	{Sharma}, S. and {Zucker}, D.~B. and {Zwitter}, T. and {Anguiano}, B. and 
	{Bacigalupo}, C. and {Bayliss}, D. and {Beavis}, M.~A. and {Bergemann}, M. and 
	{Campbell}, S. and {Cannon}, R. and {Carollo}, D. and {Casagrande}, L. and 
	{Casey}, A.~R. and {Da Costa}, G. and {D'Orazi}, V. and {Dotter}, A. and 
	{Duong}, L. and {Heger}, A. and {Ireland}, M.~J. and {Kafle}, P.~R. and 
	{Kos}, J. and {Lattanzio}, J. and {Lewis}, G.~F. and {Lin}, J. and 
	{Lind}, K. and {Munari}, U. and {Nataf}, D.~M. and {O'Toole}, S. and 
	{Parker}, Q. and {Reid}, W. and {Schlesinger}, K.~J. and {Sheinis}, A. and 
	{Simpson}, J.~D. and {Stello}, D. and {Ting}, Y.-S. and {Traven}, G. and 
	{Watson}, F. and {Wittenmyer}, R. and {Yong}, D. and {{\v Z}erjal}, M.
	},
	title = "{The GALAH survey: scientific motivation}",
	journal = {\mnras},
	archivePrefix = "arXiv",
	eprint = {1502.04767},
	keywords = {Galaxy: stellar content},
	year = 2015,
	month = may,
	volume = 449,
	pages = {2604-2617},
	doi = {10.1093/mnras/stv327},
	adsurl = {http://adsabs.harvard.edu/abs/2015MNRAS.449.2604D},
	adsnote = {Provided by the SAO/NASA Astrophysics Data System}
}


@ARTICLE{2014yCat..35620071B,
	author = {{Bensby}, T. and {Feltzing}, S. and {Oey}, M.~S.},
	title = "{VizieR Online Data Catalog: Chemical abundances of solar neighbourhood dwarfs (Bensby+, 2014)}",
	journal = {VizieR Online Data Catalog},
	keywords = {Abundances, Spectroscopy, Stars: ages, Stars: dwarfs, Stars: nearby},
	year = 2014,
	month = jan,
	volume = 356,
	adsurl = {http://adsabs.harvard.edu/abs/2014yCat..35620071B},
	adsnote = {Provided by the SAO/NASA Astrophysics Data System}
}


@article{hodlr,
	author = {{Ambikasaran}, S. and {Foreman-Mackey}, D. and
	{Greengard}, L. and {Hogg}, D.~W. and {O'Neil}, M.},
	title = "{Fast Direct Methods for Gaussian Processes}",
	year = 2014,
	month = mar,
	url = http://arxiv.org/abs/1403.6015
}


@ARTICLE{2016MNRAS.457.1062M,
   author = {{Mart{\'{\i}}nez-Barbosa}, C.~A. and {Brown}, A.~G.~A. and {Boekholt}, T. and 
	{Portegies Zwart}, S. and {Antiche}, E. and {Antoja}, T.},
    title = "{The evolution of the Sun's birth cluster and the search for the solar siblings with Gaia}",
  journal = {\mnras},
archivePrefix = "arXiv",
   eprint = {1601.00447},
 keywords = {Sun: general, Galaxy: kinematics and dynamics, open clusters and associations: general, solar neighbourhood},
     year = 2016,
    month = mar,
   volume = 457,
    pages = {1062-1075},
      doi = {10.1093/mnras/stw006},
   adsurl = {http://adsabs.harvard.edu/abs/2016MNRAS.457.1062M},
  adsnote = {Provided by the SAO/NASA Astrophysics Data System}
}

@ARTICLE{2015A&A...575A..51L,
   author = {{Liu}, C. and {Ruchti}, G. and {Feltzing}, S. and {Mart{\'{\i}}nez-Barbosa}, C.~A. and 
	{Bensby}, T. and {Brown}, A.~G.~A. and {Portegies Zwart}, S.~F.
	},
    title = "{Quest for the lost siblings of the Sun}",
  journal = {\aap},
archivePrefix = "arXiv",
   eprint = {1411.5938},
 primaryClass = "astro-ph.SR",
 keywords = {stars: abundances, stars: fundamental parameters, solar neighborhood},
     year = 2015,
    month = mar,
   volume = 575,
      eid = {A51},
    pages = {A51},
      doi = {10.1051/0004-6361/201424998},
   adsurl = {http://adsabs.harvard.edu/abs/2015A%26A...575A..51L},
  adsnote = {Provided by the SAO/NASA Astrophysics Data System}
}


@ARTICLE{2012NewA...17..514B,
   author = {{Batista}, S.~F.~A. and {Fernandes}, J.},
    title = "{Lost siblings of the Sun: Revisiting the FGK potential candidates}",
  journal = {\na},
     year = 2012,
    month = jul,
   volume = 17,
    pages = {514-519},
      doi = {10.1016/j.newast.2011.12.001},
   adsurl = {http://adsabs.harvard.edu/abs/2012NewA...17..514B},
  adsnote = {Provided by the SAO/NASA Astrophysics Data System}
}


@ARTICLE{2017MNRAS.472.2517J,
   author = {{Jofr{\'e}}, P. and {Traven}, G. and {Hawkins}, K. and {Gilmore}, G. and 
	{Sanders}, J.~L. and {M{\"a}dler}, T. and {Steinmetz}, M. and 
	{Kunder}, A. and {Kordopatis}, G. and {McMillan}, P. and {Bienaym{\'e}}, O. and 
	{Bland-Hawthorn}, J. and {Gibson}, B.~K. and {Grebel}, E.~K. and 
	{Munari}, U. and {Navarro}, J. and {Parker}, Q. and {Reid}, W. and 
	{Seabroke}, G. and {Zwitter}, T.},
    title = "{Climbing the cosmic ladder with stellar twins in RAVE with Gaia}",
  journal = {\mnras},
archivePrefix = "arXiv",
   eprint = {1705.11049},
 primaryClass = "astro-ph.SR",
 keywords = {methods: statistical, techniques: spectroscopic, stars: distances},
     year = 2017,
    month = dec,
   volume = 472,
    pages = {2517-2533},
      doi = {10.1093/mnras/stx1877},
   adsurl = {http://adsabs.harvard.edu/abs/2017MNRAS.472.2517J},
  adsnote = {Provided by the SAO/NASA Astrophysics Data System}
}

@ARTICLE{2015A&A...582A..49H,
   author = {{Heiter}, U. and {Jofr{\'e}}, P. and {Gustafsson}, B. and {Korn}, A.~J. and 
	{Soubiran}, C. and {Th{\'e}venin}, F.},
    title = "{Gaia FGK benchmark stars: Effective temperatures and surface gravities}",
  journal = {\aap},
archivePrefix = "arXiv",
   eprint = {1506.06095},
 primaryClass = "astro-ph.SR",
 keywords = {stars: late-type, stars: fundamental parameters, stars: atmospheres, standards, surveys},
     year = 2015,
    month = oct,
   volume = 582,
      eid = {A49},
    pages = {A49},
      doi = {10.1051/0004-6361/201526319},
   adsurl = {http://adsabs.harvard.edu/abs/2015A%26A...582A..49H},
  adsnote = {Provided by the SAO/NASA Astrophysics Data System}
}

@ARTICLE{2014A&A...564A.133J,
   author = {{Jofr{\'e}}, P. and {Heiter}, U. and {Soubiran}, C. and {Blanco-Cuaresma}, S. and 
	{Worley}, C.~C. and {Pancino}, E. and {Cantat-Gaudin}, T. and 
	{Magrini}, L. and {Bergemann}, M. and {Gonz{\'a}lez Hern{\'a}ndez}, J.~I. and 
	{Hill}, V. and {Lardo}, C. and {de Laverny}, P. and {Lind}, K. and 
	{Masseron}, T. and {Montes}, D. and {Mucciarelli}, A. and {Nordlander}, T. and 
	{Recio Blanco}, A. and {Sobeck}, J. and {Sordo}, R. and {Sousa}, S.~G. and 
	{Tabernero}, H. and {Vallenari}, A. and {Van Eck}, S.},
    title = "{Gaia FGK benchmark stars: Metallicity}",
  journal = {\aap},
archivePrefix = "arXiv",
   eprint = {1309.1099},
 keywords = {standards, techniques: spectroscopic, surveys, stars: fundamental parameters},
     year = 2014,
    month = apr,
   volume = 564,
      eid = {A133},
    pages = {A133},
      doi = {10.1051/0004-6361/201322440},
   adsurl = {http://adsabs.harvard.edu/abs/2014A%26A...564A.133J},
  adsnote = {Provided by the SAO/NASA Astrophysics Data System}
}

@ARTICLE{2018MNRAS.473.2004S,
   author = {{Sharma}, S. and {Stello}, D. and {Buder}, S. and {Kos}, J. and 
	{Bland-Hawthorn}, J. and {Asplund}, M. and {Duong}, L. and {Lin}, J. and 
	{Lind}, K. and {Ness}, M. and {Huber}, D. and {Zwitter}, T. and 
	{Traven}, G. and {Hon}, M. and {Kafle}, P.~R. and {Khanna}, S. and 
	{Saddon}, H. and {Anguiano}, B. and {Casey}, A.~R. and {Freeman}, K. and 
	{Martell}, S. and {De Silva}, G.~M. and {Simpson}, J.~D. and 
	{Wittenmyer}, R.~A. and {Zucker}, D.~B.},
    title = "{The TESS-HERMES survey data release 1: high-resolution spectroscopy of the TESS southern continuous viewing zone}",
  journal = {\mnras},
archivePrefix = "arXiv",
   eprint = {1707.05753},
 primaryClass = "astro-ph.SR",
 keywords = {techniques: spectroscopic, catalogues, surveys, stars: fundamental parameters, planetary systems, Galaxy: stellar content},
     year = 2018,
    month = jan,
   volume = 473,
    pages = {2004-2019},
      doi = {10.1093/mnras/stx2582},
   adsurl = {http://adsabs.harvard.edu/abs/2018MNRAS.473.2004S},
  adsnote = {Provided by the SAO/NASA Astrophysics Data System}
}

@INPROCEEDINGS{2016AAS...22713816W,
   author = {{Wittenmyer}, R.~A. and {Martell}, S.~L. and {Esdaile}, J. and 
	{Sharma}, S. and {Stello}, D.},
    title = "{The HERMES K2 Follow-up Program at the Anglo-Australian Telescope}",
booktitle = {American Astronomical Society Meeting Abstracts \#227},
     year = 2016,
   series = {American Astronomical Society Meeting Abstracts},
   volume = 227,
    month = jan,
      eid = {138.16},
    pages = {138.16},
   adsurl = {http://adsabs.harvard.edu/abs/2016AAS...22713816W},
  adsnote = {Provided by the SAO/NASA Astrophysics Data System}
}

@ARTICLE{1996A&AS..118..595V,
   author = {{Valenti}, J.~A. and {Piskunov}, N.},
    title = "{Spectroscopy made easy: A new tool for fitting observations with synthetic spectra.}",
  journal = {\aaps},
 keywords = {RADIATIVE TRANSFER, METHODS: NUMERICAL, TECHNIQUES: SPECTROSCOPIC, STARS: FUNDAMENTAL PARAMETERS, SUN: FUNDAMENTAL PARAMETERS, ATOMIC DATA},
     year = 1996,
    month = sep,
   volume = 118,
    pages = {595-603},
   adsurl = {http://adsabs.harvard.edu/abs/1996A%26AS..118..595V},
  adsnote = {Provided by the SAO/NASA Astrophysics Data System}
}

@ARTICLE{2017ApJS..228...24T,
   author = {{Traven}, G. and {Matijevi{\v c}}, G. and {Zwitter}, T. and 
	{{\v Z}erjal}, M. and {Kos}, J. and {Asplund}, M. and {Bland-Hawthorn}, J. and 
	{Casey}, A.~R. and {De Silva}, G. and {Freeman}, K. and {Lin}, J. and 
	{Martell}, S.~L. and {Schlesinger}, K.~J. and {Sharma}, S. and 
	{Simpson}, J.~D. and {Zucker}, D.~B. and {Anguiano}, B. and 
	{Da Costa}, G. and {Duong}, L. and {Horner}, J. and {Hyde}, E.~A. and 
	{Kafle}, P.~R. and {Munari}, U. and {Nataf}, D. and {Navin}, C.~A. and 
	{Reid}, W. and {Ting}, Y.-S.},
    title = "{The Galah Survey: Classification and Diagnostics with t-SNE Reduction of Spectral Information}",
  journal = {\apjs},
archivePrefix = "arXiv",
   eprint = {1612.02242},
 primaryClass = "astro-ph.SR",
 keywords = {binaries: general, catalogs, methods: data analysis, stars: activity, stars: peculiar, surveys},
     year = 2017,
    month = feb,
   volume = 228,
      eid = {24},
    pages = {24},
      doi = {10.3847/1538-4365/228/2/24},
   adsurl = {http://adsabs.harvard.edu/abs/2017ApJS..228...24T},
  adsnote = {Provided by the SAO/NASA Astrophysics Data System}
}


@ARTICLE{2013PASP..125..306F,
   author = {{Foreman-Mackey}, D. and {Hogg}, D.~W. and {Lang}, D. and {Goodman}, J.
	},
    title = "{emcee: The MCMC Hammer}",
  journal = {\pasp},
archivePrefix = "arXiv",
   eprint = {1202.3665},
 primaryClass = "astro-ph.IM",
     year = 2013,
    month = mar,
   volume = 125,
    pages = {306},
      doi = {10.1086/670067},
   adsurl = {http://adsabs.harvard.edu/abs/2013PASP..125..306F},
  adsnote = {Provided by the SAO/NASA Astrophysics Data System}
}

@ARTICLE{2017AN....338..442A,
   author = {{Adibekyan}, V. and {Delgado-Mena}, E. and {Feltzing}, S. and 
	{Gonz{\'a}lez Hern{\'a}ndez}, J.~I. and {Hinkel}, N.~R. and 
	{Korn}, A.~J. and {Asplund}, M. and {Beck}, P.~G. and {Deal}, M. and 
	{Gustafsson}, B. and {Honda}, S. and {Lind}, K. and {Nissen}, P.~E. and 
	{Spina}, L.},
    title = "{Sun-like stars unlike the Sun: Clues for chemical anomaliesof cool stars}",
  journal = {Astronomische Nachrichten},
archivePrefix = "arXiv",
   eprint = {1701.05737},
 primaryClass = "astro-ph.SR",
     year = 2017,
    month = may,
   volume = 338,
    pages = {442-452},
      doi = {10.1002/asna.201713315},
   adsurl = {http://adsabs.harvard.edu/abs/2017AN....338..442A},
  adsnote = {Provided by the SAO/NASA Astrophysics Data System}
}

@ARTICLE{1981A&A....94....1C,
       author = {{Cayrel de Strobel}, G. and {Knowles}, N. and {Hernandez}, G. and
        {Bentolila}, C.},
        title = "{In search of real solar twins.}",
      journal = {\aap},
     keywords = {Chemical Composition, Stellar Gravitation, Stellar Magnitude, Stellar
        Spectra, Stellar Temperature, Sun, Atmospheric Turbulence,
        Bolometers, H Lines, Stellar Atmospheres, Stellar Evolution,
        Astronomy},
         year = 1981,
        month = Jan,
       volume = {94},
        pages = {1-11},
       adsurl = {https://ui.adsabs.harvard.edu/#abs/1981A&A....94....1C},
      adsnote = {Provided by the SAO/NASA Astrophysics Data System}
}


@ARTICLE{2015MNRAS.453.1428J,
   author = {{Jofr{\'e}}, P. and {M{\"a}dler}, T. and {Gilmore}, G. and {Casey}, A.~R. and 
	{Soubiran}, C. and {Worley}, C.},
    title = "{Climbing the cosmic ladder with stellar twins}",
  journal = {\mnras},
archivePrefix = "arXiv",
   eprint = {1505.07806},
 primaryClass = "astro-ph.IM",
 keywords = {survey, parallaxes, stars: distances},
     year = 2015,
    month = oct,
   volume = 453,
    pages = {1428-1438},
      doi = {10.1093/mnras/stv1724},
   adsurl = {http://adsabs.harvard.edu/abs/2015MNRAS.453.1428J},
  adsnote = {Provided by the SAO/NASA Astrophysics Data System}
}

@ARTICLE{2016A&A...595A..59M,
   author = {{M{\"a}dler}, T. and {Jofr{\'e}}, P. and {Gilmore}, G. and {Clare Worley}, C. and 
	{Soubiran}, C. and {Blanco-Cuaresma}, S. and {Hawkins}, K. and 
	{Casey}, A.~R.},
    title = "{Stellar twins determine the distance of the Pleiades}",
  journal = {\aap},
archivePrefix = "arXiv",
   eprint = {1606.03015},
 primaryClass = "astro-ph.SR",
 keywords = {stars: distances, stars: solar-type, parallaxes},
     year = 2016,
    month = oct,
   volume = 595,
      eid = {A59},
    pages = {A59},
      doi = {10.1051/0004-6361/201629091},
   adsurl = {http://adsabs.harvard.edu/abs/2016A%26A...595A..59M},
  adsnote = {Provided by the SAO/NASA Astrophysics Data System}
}


@ARTICLE{2010A&A...512A..54C,
   author = {{Casagrande}, L. and {Ram{\'{\i}}rez}, I. and {Mel{\'e}ndez}, J. and 
	{Bessell}, M. and {Asplund}, M.},
    title = "{An absolutely calibrated T$_{eff}$ scale from the infrared flux method. Dwarfs and subgiants}",
  journal = {\aap},
archivePrefix = "arXiv",
   eprint = {1001.3142},
 primaryClass = "astro-ph.SR",
 keywords = {stars: fundamental parameters, stars: abundances, stars: atmospheres, infrared: stars, techniques: photometric},
     year = 2010,
    month = mar,
   volume = 512,
      eid = {A54},
    pages = {A54},
      doi = {10.1051/0004-6361/200913204},
   adsurl = {http://adsabs.harvard.edu/abs/2010A%26A...512A..54C},
  adsnote = {Provided by the SAO/NASA Astrophysics Data System}
}

@ARTICLE{2012MNRAS.426..484D,
   author = {{Datson}, J. and {Flynn}, C. and {Portinari}, L.},
    title = "{New solar twins and the metallicity and temperature scales of the Geneva-Copenhagen Survey}",
  journal = {\mnras},
archivePrefix = "arXiv",
   eprint = {1207.4610},
 primaryClass = "astro-ph.SR",
 keywords = {stars: abundances, stars: fundamental parameters, stars: solar-type },
     year = 2012,
    month = oct,
   volume = 426,
    pages = {484-495},
      doi = {10.1111/j.1365-2966.2012.21730.x},
   adsurl = {http://adsabs.harvard.edu/abs/2012MNRAS.426..484D},
  adsnote = {Provided by the SAO/NASA Astrophysics Data System}
}

@ARTICLE{2010A&A...522A..98M,
   author = {{Mel{\'e}ndez}, J. and {Schuster}, W.~J. and {Silva}, J.~S. and 
	{Ram{\'{\i}}rez}, I. and {Casagrande}, L. and {Coelho}, P.},
    title = "{uvby-{$\beta$} photometry of solar twins . The solar colors, model atmospheres, and the T$_{eff}$ and metallicity scales}",
  journal = {\aap},
archivePrefix = "arXiv",
   eprint = {1007.5351},
 primaryClass = "astro-ph.SR",
 keywords = {Sun: fundamental parameters, stars: atmospheres, stars: fundamental parameters, stars: solar-type},
     year = 2010,
    month = nov,
   volume = 522,
      eid = {A98},
    pages = {A98},
      doi = {10.1051/0004-6361/201014741},
   adsurl = {http://adsabs.harvard.edu/abs/2010A%26A...522A..98M},
  adsnote = {Provided by the SAO/NASA Astrophysics Data System}
}

@ARTICLE{2009A&A...508L..17R,
   author = {{Ram{\'{\i}}rez}, I. and {Mel{\'e}ndez}, J. and {Asplund}, M.
	},
    title = "{Accurate abundance patterns of solar twins and analogs. Does the anomalous solar chemical composition come from planet formation?}",
  journal = {\aap},
 keywords = {stars: abundances, Sun: abundances, planetary systems},
     year = 2009,
    month = dec,
   volume = 508,
    pages = {L17-L20},
      doi = {10.1051/0004-6361/200913038},
   adsurl = {http://adsabs.harvard.edu/abs/2009A%26A...508L..17R},
  adsnote = {Provided by the SAO/NASA Astrophysics Data System}
}

@ARTICLE{2015A&A...579A..52N,
   author = {{Nissen}, P.~E.},
    title = "{High-precision abundances of elements in solar twin stars. Trends with stellar age and elemental condensation temperature}",
  journal = {\aap},
archivePrefix = "arXiv",
   eprint = {1504.07598},
 primaryClass = "astro-ph.SR",
 keywords = {stars: abundances, stars: fundamental parameters, stars: solar-type, planetary systems, Galaxy: disk, Galaxy: evolution},
     year = 2015,
    month = jul,
   volume = 579,
      eid = {A52},
    pages = {A52},
      doi = {10.1051/0004-6361/201526269},
   adsurl = {http://adsabs.harvard.edu/abs/2015A%26A...579A..52N},
  adsnote = {Provided by the SAO/NASA Astrophysics Data System}
}


@ARTICLE{2014A&A...572A..48R,
   author = {{Ram{\'{\i}}rez}, I. and {Mel{\'e}ndez}, J. and {Bean}, J. and 
	{Asplund}, M. and {Bedell}, M. and {Monroe}, T. and {Casagrande}, L. and 
	{Schirbel}, L. and {Dreizler}, S. and {Teske}, J. and {Tucci Maia}, M. and 
	{Alves-Brito}, A. and {Baumann}, P.},
    title = "{The Solar Twin Planet Search. I. Fundamental parameters of the stellar sample}",
  journal = {\aap},
archivePrefix = "arXiv",
   eprint = {1408.4130},
 primaryClass = "astro-ph.SR",
 keywords = {stars: abundances, stars: fundamental parameters, planetary systems},
     year = 2014,
    month = dec,
   volume = 572,
      eid = {A48},
    pages = {A48},
      doi = {10.1051/0004-6361/201424244},
   adsurl = {http://adsabs.harvard.edu/abs/2014A%26A...572A..48R},
  adsnote = {Provided by the SAO/NASA Astrophysics Data System}
}

@ARTICLE{2016A&A...587A.131M,
       author = {{Mahdi}, D. and {Soubiran}, C. and {Blanco-Cuaresma}, S. and {Chemin},
        L.},
        title = "{Solar twins in the ELODIE archive}",
      journal = {\aap},
     keywords = {stars: atmospheres, stars: abundances, stars: fundamental parameters,
        stars: solar-type, Astrophysics - Solar and Stellar Astrophysics},
         year = 2016,
        month = Mar,
       volume = {587},
          doi = {10.1051/0004-6361/201527472},
       adsurl = {https://ui.adsabs.harvard.edu/#abs/2016A&A...587A.131M},
      adsnote = {Provided by the SAO/NASA Astrophysics Data System}
}

@ARTICLE{2015A&A...574A.124D,
       author = {{Datson}, Juliet and {Flynn}, Chris and {Portinari}, Laura},
        title = "{Spectroscopic study of solar twins and analogues}",
      journal = {\aap},
     keywords = {stars: abundances, stars: fundamental parameters, stars: solar-type,
        Astrophysics - Solar and Stellar Astrophysics},
         year = 2015,
        month = Feb,
       volume = {574},
          doi = {10.1051/0004-6361/201425000},
       adsurl = {https://ui.adsabs.harvard.edu/#abs/2015A&A...574A.124D},
      adsnote = {Provided by the SAO/NASA Astrophysics Data System}
}

@ARTICLE{2016A&A...592A.156D,
       author = {{dos Santos}, Leonardo A. and {Mel{\'e}ndez}, Jorge and {do Nascimento},
        Jos{\'e}-Dias and {Bedell}, Megan and {Ram{\'\i}rez}, Iv{\'a}n
        and {Bean}, Jacob L. and {Asplund}, Martin and {Spina}, Lorenzo
        and {Dreizler}, Stefan and {Alves-Brito}, Alan and {Casagrande},
        Luca},
        title = "{The Solar Twin Planet Search. IV. The Sun as a typical rotator and
        evidence for a new rotational braking law for Sun-like stars}",
      journal = {\aap},
     keywords = {Sun: rotation, stars: solar-type, stars: rotation, stars: fundamental
        parameters, Astrophysics - Solar and Stellar Astrophysics},
         year = 2016,
        month = Aug,
       volume = {592},
          doi = {10.1051/0004-6361/201628558},
       adsurl = {https://ui.adsabs.harvard.edu/#abs/2016A&A...592A.156D},
      adsnote = {Provided by the SAO/NASA Astrophysics Data System}
}

@ARTICLE{2008A&A...489..677P,
   author = {{Pasquini}, L. and {Biazzo}, K. and {Bonifacio}, P. and {Randich}, S. and 
	{Bedin}, L.~R.},
    title = "{Solar twins in M 67}",
  journal = {\aap},
archivePrefix = "arXiv",
   eprint = {0807.0092},
 keywords = {stars: fundamental parameters, Galaxy: open clusters and associations: individual: M 67, stars: late-type},
     year = 2008,
    month = oct,
   volume = 489,
    pages = {677-684},
      doi = {10.1051/0004-6361:200809714},
   adsurl = {http://adsabs.harvard.edu/abs/2008A%26A...489..677P},
  adsnote = {Provided by the SAO/NASA Astrophysics Data System}
}

@ARTICLE{2016A&A...587A.100C,
   author = {{Carlos}, M. and {Nissen}, P.~E. and {Mel{\'e}ndez}, J.},
    title = "{Correlation between lithium abundances and ages of solar twin stars}",
  journal = {\aap},
archivePrefix = "arXiv",
   eprint = {1601.05054},
 primaryClass = "astro-ph.SR",
 keywords = {stars: abundances, stars: evolution, planetary systems},
     year = 2016,
    month = mar,
   volume = 587,
      eid = {A100},
    pages = {A100},
      doi = {10.1051/0004-6361/201527478},
   adsurl = {http://adsabs.harvard.edu/abs/2016A%26A...587A.100C},
  adsnote = {Provided by the SAO/NASA Astrophysics Data System}
}

@ARTICLE{2014A&A...562A..92D,
   author = {{Delgado Mena}, E. and {Israelian}, G. and {Gonz{\'a}lez Hern{\'a}ndez}, J.~I. and 
	{Sousa}, S.~G. and {Mortier}, A. and {Santos}, N.~C. and {Adibekyan}, V.~Z. and 
	{Fernandes}, J. and {Rebolo}, R. and {Udry}, S. and {Mayor}, M.
	},
    title = "{Li depletion in solar analogues with exoplanets. Extending the sample}",
  journal = {\aap},
archivePrefix = "arXiv",
   eprint = {1311.6414},
 primaryClass = "astro-ph.EP",
 keywords = {stars: abundances, stars: fundamental parameters, planetary systems, planets and satellites: formation, stars: evolution},
     year = 2014,
    month = feb,
   volume = 562,
      eid = {A92},
    pages = {A92},
      doi = {10.1051/0004-6361/201321493},
   adsurl = {http://adsabs.harvard.edu/abs/2014A%26A...562A..92D},
  adsnote = {Provided by the SAO/NASA Astrophysics Data System}
}

@ARTICLE{2014A&A...563A..52P,
       author = {{Porto de Mello}, G.~F. and {da Silva}, R. and {da Silva}, L. and {de
        Nader}, R.~V.},
        title = "{A photometric and spectroscopic survey of solar twin stars within 50
        parsecs of the Sun. I. Atmospheric parameters and color
        similarity to the Sun}",
      journal = {\aap},
     keywords = {stars: solar-type, stars: fundamental parameters, stars: abundances,
        stars: atmospheres, astrobiology, Astrophysics - Solar and
        Stellar Astrophysics},
         year = 2014,
        month = Mar,
       volume = {563},
          doi = {10.1051/0004-6361/201322277},
       adsurl = {https://ui.adsabs.harvard.edu/#abs/2014A&A...563A..52P},
      adsnote = {Provided by the SAO/NASA Astrophysics Data System}
}

@ARTICLE{2014MNRAS.439.1028D,
       author = {{Datson}, Juliet and {Flynn}, Chris and {Portinari}, Laura},
        title = "{Solar analogues and solar twins in the HARPS archive}",
      journal = {\mnras},
     keywords = {stars: abundances, stars: fundamental parameters, stars: solar-type,
        Astrophysics - Solar and Stellar Astrophysics},
         year = 2014,
        month = Mar,
       volume = {439},
        pages = {1028-1037},
          doi = {10.1093/mnras/stu026},
       adsurl = {https://ui.adsabs.harvard.edu/#abs/2014MNRAS.439.1028D},
      adsnote = {Provided by the SAO/NASA Astrophysics Data System}
}

@ARTICLE{2014ApJ...791...14M,
       author = {{Mel{\'e}ndez}, Jorge and {Ram{\'\i}rez}, Iv{\'a}n and {Karakas}, Amanda
        I. and {Yong}, David and {Monroe}, TalaWanda R. and {Bedell},
        Megan and {Bergemann}, Maria and {Asplund}, Martin and {Tucci
        Maia}, Marcelo and {Bean}, Jacob and {do Nascimento},
        Jos{\'e}-Dias, Jr. and {Bazot}, Michael and {Alves-Brito}, Alan
        and {Freitas}, Fabr{\'\i}cio C. and {Castro}, Matthieu},
        title = "{18 Sco: A Solar Twin Rich in Refractory and Neutron-capture Elements.
        Implications for Chemical Tagging}",
      journal = {\apj},
     keywords = {stars: abundances, stars: AGB and post-AGB, stars: fundamental
        parameters, Sun: abundances, Astrophysics - Solar and Stellar
        Astrophysics, Astrophysics - Earth and Planetary Astrophysics},
         year = 2014,
        month = Aug,
       volume = {791},
          doi = {10.1088/0004-637X/791/1/14},
       adsurl = {https://ui.adsabs.harvard.edu/#abs/2014ApJ...791...14M},
      adsnote = {Provided by the SAO/NASA Astrophysics Data System}
}

@ARTICLE{2007A&A...468..663T,
       author = {{Takeda}, Y. and {Kawanomoto}, S. and {Honda}, S. and {Ando}, H. and
        {Sakurai}, T.},
        title = "{Behavior of Li abundances in solar-analog stars. Evidence for line-width
        dependence}",
      journal = {\aap},
     keywords = {stars: abundances, stars: atmospheres, stars: fundamental parameters,
        stars: late-type, Sun: fundamental parameters},
         year = 2007,
        month = Jun,
       volume = {468},
        pages = {663-677},
          doi = {10.1051/0004-6361:20077220},
       adsurl = {https://ui.adsabs.harvard.edu/#abs/2007A&A...468..663T},
      adsnote = {Provided by the SAO/NASA Astrophysics Data System}
}

@ARTICLE{2017A&A...597A..16P,
   author = {{Piskunov}, N. and {Valenti}, J.~A.},
    title = "{Spectroscopy Made Easy: Evolution}",
  journal = {\aap},
archivePrefix = "arXiv",
   eprint = {1606.06073},
 primaryClass = "astro-ph.IM",
 keywords = {stars: abundances, radiative transfer, stars: fundamental parameters, stars: atmospheres, techniques: spectroscopic},
     year = 2017,
    month = jan,
   volume = 597,
      eid = {A16},
    pages = {A16},
      doi = {10.1051/0004-6361/201629124},
   adsurl = {http://adsabs.harvard.edu/abs/2017A%26A...597A..16P},
  adsnote = {Provided by the SAO/NASA Astrophysics Data System}
}

@ARTICLE{2015ApJ...808...16N,
   author = {{Ness}, M. and {Hogg}, D.~W. and {Rix}, H.-W. and {Ho}, A.~Y.~Q. and 
	{Zasowski}, G.},
    title = "{The Cannon: A data-driven approach to Stellar Label Determination}",
  journal = {\apj},
archivePrefix = "arXiv",
   eprint = {1501.07604},
 primaryClass = "astro-ph.SR",
 keywords = {methods: data analysis, methods: statistical, stars: abundances, stars: fundamental parameters, surveys, techniques: spectroscopic},
     year = 2015,
    month = jul,
   volume = 808,
      eid = {16},
    pages = {16},
      doi = {10.1088/0004-637X/808/1/16},
   adsurl = {http://adsabs.harvard.edu/abs/2015ApJ...808...16N},
  adsnote = {Provided by the SAO/NASA Astrophysics Data System}
}

@ARTICLE{buder2018,
   author = {{Buder}, S. and {Asplund}, M. and {Duong}, L. and {Kos}, J. and 
	{Lind}, K. and {Ness}, M.~K. and {Sharma}, S. and {Bland-Hawthorn}, J. and 
	{Casey}, A.~R. and {De Silva}, G.~M. and {D'Orazi}, V. and {Freeman}, K.~C. and 
	{Lewis}, G.~F. and {Lin}, J. and {Martell}, S.~L. and {Schlesinger}, K.~J. and 
	{Simpson}, J.~D. and {Zucker}, D.~B. and {Zwitter}, T. and {Amarsi}, A.~M. and 
	{Anguiano}, B. and {Carollo}, D. and {Cotar}, K. and {Cottrell}, P.~L. and 
	{Da Costa}, G. and {Gao}, X.~D. and {Hayden}, M.~R. and {Horner}, J. and 
	{Ireland}, M.~J. and {Kafle}, P.~R. and {Munari}, U. and {Nataf}, D.~M. and 
	{Nordlander}, T. and {Stello}, D. and {Ting}, Y.-S. and {Traven}, G. and 
	{Watson}, F. and {Wittenmyer}, R.~A. and {Wyse}, R.~F.~G. and 
	{Yong}, D. and {Zinn}, J.~C. and {Zerjal}, M.},
    title = "{The GALAH Survey: Second Data Release}",
  journal = {ArXiv e-prints},
archivePrefix = "arXiv",
   eprint = {1804.06041},
 primaryClass = "astro-ph.SR",
 keywords = {Astrophysics - Solar and Stellar Astrophysics, Astrophysics - Astrophysics of Galaxies},
     year = 2018,
    month = apr,
   adsurl = {http://adsabs.harvard.edu/abs/2018arXiv180406041B},
  adsnote = {Provided by the SAO/NASA Astrophysics Data System}
}

@ARTICLE{2018arXiv180409365G,
   author = {{Gaia Collaboration} and {Brown}, A.~G.~A. and {Vallenari}, A. and 
	{Prusti}, T. and {de Bruijne}, J.~H.~J. and {Babusiaux}, C. and 
	{Bailer-Jones}, C.~A.~L.},
    title = "{Gaia Data Release 2. Summary of the contents and survey properties}",
  journal = {ArXiv e-prints},
archivePrefix = "arXiv",
   eprint = {1804.09365},
 keywords = {Astrophysics - Astrophysics of Galaxies, Astrophysics - Instrumentation and Methods for Astrophysics},
     year = 2018,
    month = apr,
   adsurl = {http://adsabs.harvard.edu/abs/2018arXiv180409365G},
  adsnote = {Provided by the SAO/NASA Astrophysics Data System}
}

@ARTICLE{2018arXiv180409368E,
   author = {{Evans}, D.~W. and {Riello}, M. and {De Angeli}, F. and {Carrasco}, J.~M. and 
	{Montegriffo}, P. and {Fabricius}, C. and {Jordi}, C. and {Palaversa}, L. and 
	{Diener}, C. and {Busso}, G. and {Cacciari}, C. and {van Leeuwen}, F.
	},
    title = "{Gaia Data Release 2: Photometric content and validation}",
  journal = {ArXiv e-prints},
archivePrefix = "arXiv",
   eprint = {1804.09368},
 primaryClass = "astro-ph.IM",
 keywords = {Astrophysics - Instrumentation and Methods for Astrophysics},
     year = 2018,
    month = apr,
   adsurl = {http://adsabs.harvard.edu/abs/2018arXiv180409368E},
  adsnote = {Provided by the SAO/NASA Astrophysics Data System}
}

@ARTICLE{2020A&A...633L...9J,
	author = {{Jofr{\'e}}, Paula and {Jackson}, Holly and {Tucci Maia}, Marcelo},
	title = "{Traits for chemical evolution in solar twins. Trends of neutron-capture elements with stellar age}",
	journal = {\aap},
	keywords = {stars: abundances, solar neighborhood, Astrophysics - Solar and Stellar Astrophysics, Astrophysics - Astrophysics of Galaxies},
	year = 2020,
	month = jan,
	volume = {633},
	eid = {L9},
	pages = {L9},
	doi = {10.1051/0004-6361/201937140},
	archivePrefix = {arXiv},
	eprint = {1912.02800},
	primaryClass = {astro-ph.SR},
	adsurl = {https://ui.adsabs.harvard.edu/abs/2020A&A...633L...9J},
	adsnote = {Provided by the SAO/NASA Astrophysics Data System}
}

@ARTICLE{2015A&A...579A..52N,
	author = {{Nissen}, P.~E.},
	title = "{High-precision abundances of elements in solar twin stars. Trends with stellar age and elemental condensation temperature}",
	journal = {\aap},
	keywords = {stars: abundances, stars: fundamental parameters, stars: solar-type, planetary systems, Galaxy: disk, Galaxy: evolution, Astrophysics - Solar and Stellar Astrophysics, Astrophysics - Earth and Planetary Astrophysics},
	year = 2015,
	month = jul,
	volume = {579},
	eid = {A52},
	pages = {A52},
	doi = {10.1051/0004-6361/201526269},
	archivePrefix = {arXiv},
	eprint = {1504.07598},
	primaryClass = {astro-ph.SR},
	adsurl = {https://ui.adsabs.harvard.edu/abs/2015A&A...579A..52N},
	adsnote = {Provided by the SAO/NASA Astrophysics Data System}
}

@ARTICLE{2016A&A...593A..65N,
	author = {{Nissen}, P.~E.},
	title = "{High-precision abundances of Sc, Mn, Cu, and Ba in solar twins. Trends of element ratios with stellar age}",
	journal = {\aap},
	keywords = {stars: abundances, stars: fundamental parameters, stars: solar-type, Galaxy: disk, Galaxy: evolution, Astrophysics - Solar and Stellar Astrophysics, Astrophysics - Astrophysics of Galaxies},
	year = 2016,
	month = sep,
	volume = {593},
	eid = {A65},
	pages = {A65},
	doi = {10.1051/0004-6361/201628888},
	archivePrefix = {arXiv},
	eprint = {1606.08399},
	primaryClass = {astro-ph.SR},
	adsurl = {https://ui.adsabs.harvard.edu/abs/2016A&A...593A..65N},
	adsnote = {Provided by the SAO/NASA Astrophysics Data System}
}

